@article{cochran1968effectiveness,
  title={The effectiveness of adjustment by subclassification in removing bias in observational studies},
  author={Cochran, William G},
  journal={Biometrics},
  pages={295--313},
  year={1968},
  publisher={JSTOR}
}
@inproceedings{DBLP:conf/icdt/SalimiB15,
  author    = {Babak Salimi and
               Leopoldo E. Bertossi},
  title     = {From Causes for Database Queries to Repairs and Model-Based Diagnosis
               and Back},
  booktitle= {ICDT},
  pages     = {342--362},
  year      = {2015},
}

@article{iacus2009cem,
  title={CEM: software for coarsened exact matching},
  author={Iacus, Stefano M and King, Gary and Porro, Giuseppe and others},
  journal={Journal of Statistical Software},
  volume={30},
  number={9},
  pages={1--27},
  year={2009},
  publisher={American Statistical Association}
}


@article{hougardy2006approximating,
  title={Approximating weighted matchings in parallel},
  author={Hougardy, Stefan and Vinkemeier, Doratha E},
  journal={Information Processing Letters},
  volume={99},
  number={3},
  pages={119--123},
  year={2006},
  publisher={Elsevier}
}

@inproceedings{schleich2016learning,
  title={Learning linear regression models over factorized joins},
  author={Schleich, Maximilian and Olteanu, Dan and Ciucanu, Radu},
  booktitle={ACM SIGMOD},
  year={2016}
}

@inproceedings {SalimiTaPP16,
  author={Babak Salimi and Leopoldo Bertossi and Dan Suciu and Guy {Van den Broeck}},
  title = {Quantifying Causal Effects on Query Answering in Databases},
  booktitle = {TaPP},
  year = {2016},
}



@article{rosenbaum1984reducing,
  title={Reducing bias in observational studies using subclassification on the propensity score},
  author={Rosenbaum, Paul R and Rubin, Donald B},
  journal={Journal of the American statistical Association},
  volume={79},
  number={387},
  pages={516--524},
  year={1984},
  publisher={Taylor \& Francis Group}
}
@article{Neumann15,
  title={Efficient processing of window functions in analytical SQL queries},
  author={Leis, Viktor and Kundhikanjana, Kan and Kemper, Alfons and Neumann, Thomas},
  journal={Proceedings of the VLDB Endowment},
  volume={8},
  number={10},
  pages={1058--1069},
  year={2015},
  publisher={VLDB Endowment}
}
@article{Rosenbaum93,
  title={Comparison of multivariate matching methods: Structures, distances, and algorithms},
  author={Gu, Xing Sam and Rosenbaum, Paul R},
  journal={Journal of Computational and Graphical Statistics},
  volume={2},
  number={4},
  pages={405--420},
  year={1993},
  publisher={Taylor \& Francis}
}


@book{obe2015postgis,
  title={PostGIS in action},
  author={Obe, Regina O and Hsu, Leo S},
  year={2015},
  publisher={Manning Publications Co.}
}

@incollection{rosenbaum2002observational,
  title={Observational studies},
  author={Rosenbaum, Paul R},
  booktitle={Observational Studies},
  pages={1--17},
  year={2002},
  publisher={Springer}
}

@article{Avis83,
  title={A survey of heuristics for the weighted matching problem},
  author={Avis, David},
  journal={Networks},
  volume={13},
  number={4},
  pages={475--493},
  year={1983},
  publisher={Wiley Online Library}
}
@article{dehejia99,
  title={Causal effects in nonexperimental studies: Reevaluating the evaluation of training programs},
  author={Dehejia, Rajeev H and Wahba, Sadek},
  journal={Journal of the American statistical Association},
  volume={94},
  number={448},
  pages={1053--1062},
  year={1999},
  publisher={Taylor \& Francis Group}
}
@article{lunt2014selecting,
  title={Selecting an appropriate caliper can be essential for achieving good balance with propensity score matching},
  author={Lunt, Mark},
  journal={American journal of epidemiology},
  volume={179},
  number={2},
  pages={226--235},
  year={2014},
  publisher={Oxford Univ Press}
}
@article{IacKinPor09,
  title={Causal inference without balance checking: Coarsened exact matching},
  author={Iacus, Stefano M and King, Gary and Porro, Giuseppe},
  journal={Political analysis},
  pages={mpr013},
  year={2011},
  publisher={SPM-PMSAPSA}
}

@article{ho2005,
  title={Matching as nonparametric preprocessing for reducing model dependence in parametric causal inference},
  author={Ho, Daniel E and Imai, Kosuke and King, Gary and Stuart, Elizabeth A},
  journal={Political analysis},
  volume={15},
  number={3},
  pages={199-236},
  year={2007},
  publisher={SPM-PMSAPSA}
}

@article{Stuart10,
  title={Matching methods for causal inference: A review and a look forward},
  author={Stuart, Elizabeth A},
  journal={Statistical science},
  volume={25},
  number={1},
  pages={1},
  year={2010},
  publisher={NIH Public Access}
}

@article{king15,
  title={Why propensity scores should not be used for matching},
  author={King, Gary and Nielsen, Richard},
  journal={Working Paper},
  volume={378},
  year={2016}
}

@article{janzing2013quantifying,
  title={Quantifying causal influences},
  author={Janzing, Dominik and others},
  journal={The Annals of Statistics},
  volume={41},
  number={5},
  pages={2324--2358},
  year={2013},
  publisher={Institute of Mathematical Statistics}
}
@article{de2011covariate,
  title={Covariate selection for the nonparametric estimation of an average treatment effect},
  author={De Luna, Xavier and Waernbaum, Ingeborg and Richardson, Thomas S},
  journal={Biometrika},
  pages={asr041},
  year={2011},
  publisher={Biometrika Trust}
}




@article{richardson2013single,
  title={Single World Intervention Graphs (SWIGs): A unification of the counterfactual and graphical approaches to causality},
  author={Richardson, Thomas S and Robins, James M},
  journal={Center for the Statistics and the Social Sciences, University of Washington Series. Working Paper},
  volume={128},
  number={30},
  pages={2013},
  year={2013},
  publisher={Citeseer}
}

@misc{Weatherdata,
   author = {{The Weather Underground API}},
   title={{\mbox{\url{http://www.wunderground.com/weather/api/}}}},
 }

@misc{CRAN,
  title        = {{\mbox{\url{https://cran.r-project.org/web/packages/}}}} ,
  author       = {{CRAN package repository}},
}


@misc{weather,
   author = {{Article America's Worst Weather-Delayed Airports}},
   title = {\url{ https://weather.com/travel/news/america-worst-weather-delayed-airports}},

 }

@misc{weba1,
   title = "Factors Affecting Aircraft Performance During Takeoff and Climb",
   year = "2016",
   url =  "\href{http://www.skybrary.aero/index.php/AP4ATCO\_-\_Factors\_Affecting\_Aircraft\_Performance\_During\_Takeoff\_and\_Climb}",
 }





@misc{FAA08,
   author = {{United States Department of Transportation, Federal Aviation Administration}},
   title = {{FAA. Pilots Handbook of Aeronautical Knowledge}},
   year = {2008},
 }

\ignore{
\bibitem{weba1}
\newblock   Factors Affecting Aircraft Performance During Takeoff and Climb.
\newblock  \href{http://www.skybrary.aero/index.php/AP4ATCO\_-\_Factors\_Affecting\_Aircraft\_Performance\_During\_Takeoff\_and\_Climb}
{\small http://www.skybrary.aero/index.php/AP4ATCO\_-\_Factors\_Affecting\_Aircraft\_Performance\_During\_Takeoff\_and\_Climb}


\bibitem{weba2}
\newblock  High and Low Pressure.
\newblock  \href{http://www.weatherworksinc.com/high-low-pressure}{http://www.weatherworksinc.com/high-low-pressure}
}













@article{holland1986statistics,
  title={Statistics and causal inference},
  author={Holland, Paul W},
  journal={Journal of the American statistical Association},
  volume={81},
  number={396},
  pages={945--960},
  year={1986},
  publisher={Taylor \& Francis}
}


@article{king2011comparative,
  title={Comparative effectiveness of matching methods for causal inference},
  author={King, Gary and Nielsen, Richard and Coberley, Carter and Pope, James E and Wells, Aaron},
  journal={Unpublished manuscript},
  volume={15},
  year={2011}
}


@book{rubin1970thesis,
  title={The Use of Matched Sampling and Regression Adjustment in Observational Studies},
  author={Rubin, Donald B},
  year={1970},
  publisher={Ph.D. Thesis, Department of Statistics, Harvard University, Cambridge, MA}
}

@book{rubin2006matched,
  title={Matched sampling for causal effects},
  author={Rubin, Donald B},
  year={2006},
  publisher={Cambridge University Press}
}



@article{Cochran1953,
  title={Matching in Analytical Studies.},
  author={William G. Cochran},
  journal={{American Journal of Public Health}},
  volume={43},
  pages={684-691},
  year={1953}
}

@article{Rubin1974,
  title={Estimating causal effects of treatments in randomized and nonrandomized studies.},
  author={Rubin, Donald B},
  journal={{Journal of Educational Psychology}},
  volume={66},
  number={5},
  pages={688},
  year={1974},
  publisher={American Psychological Association}
}



    @article{Holland1986,
     title = {Statistics and Causal Inference},
     author = {Holland, Paul W.},
     journal = {Journal of the American Statistical Association},
     year = {1986},
     volume = {81},
     number = {396},
     pages = {pp. 945-960},
     url = {http://www.jstor.org/stable/2289064},
    }

    @article{Rubin1983b,
     jstor_articletype = {research-article},
     title = {The Central Role of the Propensity Score in Observational Studies for Causal Effects},
     author = {Rosenbaum, Paul R. and Rubin, Donald B.},
     journal = {Biometrika},
     volume = {70},
     number = {1},
     pages = {pp. 41-55},
     year = {1983},
     publisher = {Oxford University Press on behalf of Biometrika Trust}
    }


@article{Rubin2005,
author = {Donald B Rubin},
title = {Causal Inference Using Potential Outcomes},
journal = {Journal of the American Statistical Association},
volume = {100},
number = {469},
pages = {322-331},
year = {2005},
doi = {10.1198/016214504000001880}
}


@book{Fisher1935design,
  title={The design of experiments},
  author={Fisher, Ronald Aylmer},
  year={1935},
  publisher={Oliver and Boyd, Oxford, England}
}


@article{Fisher1918,
author = {Fisher, Ronald Aylmer},
title = {{The Causes of Human Variability}},
journal = {The Eugenics Review},
volume = {10},
number = {4},
pages = {213-220},
year = {1919}
}

@incollection{Fisher1926,
year={1992},
isbn={978-0-387-94039-7},
booktitle={Breakthroughs in Statistics},
series={Springer Series in Statistics},
editor={Kotz, Samuel and Johnson, NormanL.},
doi={10.1007/978-1-4612-4380-9_8},
title={The Arrangement of Field Experiments},
url={http://dx.doi.org/10.1007/978-1-4612-4380-9_8},
publisher={Springer New York},
author={Fisher, R.A.},
pages={82-91},
language={English}
}

@article{Campbell1957,
author = {Campbell, Donald T.},
title = {{Factors relevant to the validity of experiments in social settings.}},
journal = {Psychological Bulletin},
volume = {54},
number = {4},
pages = {297-312},
year = {1957},
month={July}
}

@book{ShadishCookCampbell2002,
 author = {Shadish, W.R. and Cook, T.D. and Campbell, D.T.},
 title = {Experimental and quasi-experimental designs for generalized causal inference},
 year = {2002},
 edition = {1st},
 publisher = {Houghton Mifflin},
}

@article{WestT2010CampbellRubin,
  title={{Campbell’s and Rubin’s perspectives on causal inference}},
  author={West, Stephen G and Thoemmes, Felix},
  journal={Psychological methods},
  volume={15},
  number={1},
  pages={18},
  year={2010},
  publisher={American Psychological Association}
}

@article{rubin1986statistics,
  title={Statistics and causal inference: Comment: Which ifs have causal answers},
  author={Rubin, Donald B},
  journal={Journal of the American Statistical Association},
  volume={81},
  number={396},
  pages={961--962},
  year={1986}
}

@article{rubin2001using,
  title={Using propensity scores to help design observational studies: application to the tobacco litigation},
  author={Rubin, Donald B},
  journal={Health Services and Outcomes Research Methodology},
  volume={2},
  number={3-4},
  pages={169--188},
  year={2001},
  publisher={Springer}
}









@article{flightdata,
author={Dataset: Airline On-Time Performance},
title={{{\url{http://www.transtats.bts.gov/}}}},
journal={Bureau of Transportation Statistics, United States Department of Transportation}
}






@article{d3,
author={{D3: Data-Driven Documents}},
  title= {\mbox{\url{http://d3js.org/}}}
}

@article{jtds,
  title = {\mbox{\url{http://jtds.sourceforge.net/}}},
  }

  @article{cra-ugrad,
author={{Outstanding Undergraduate Researchers Award Program by Computing Research Association (CRA)}},
  title={\mbox{\url{http://cra.org/awards/undergrad/}}}
  }

  @article{sigmod-ugrad,
  title={\mbox{\url{http://www.sigmod2015.org/calls_papers_sigmod_undergrad_poster.shtml}}}
  }
  @article{aws,
author={{Amazon Web Services}},
  title={\mbox{\url{http://aws.amazon.com/}}}
  }


@article{cloudera,
author={{Cloudera}},
title={\mbox{\url{http://www.cloudera.com/content/cloudera/en/home.html}}}
}

@article{hp,
author={{HP Haven}},
title={\mbox{\url{http://www8.hp.com/us/en/software-solutions/big-data-platform-haven/}}}
}

@article{netezza,
author={{IBM Netezza}},
title={\mbox{\url{http://www-01.ibm.com/software/data/netezza/}}}
}

@article{femmes,
author={{Duke FEMMES:
Females Excelling More in Math, Engineering, and Science}},
title={\mbox{\url{http://sites.duke.edu/femmes/}}},
}






@inproceedings{Fuhr:probdatalog:1995,
 author = {Fuhr, Norbert},
 title = {Probabilistic Datalog: a Logic for Powerful Retrieval Methods},
 booktitle = {Proceedings of the 18th Annual International ACM SIGIR Conference on Research and Development in Information Retrieval},
 series = {SIGIR '95},
 year = {1995},
 isbn = {0-89791-714-6},
 location = {Seattle, Washington, USA},
 pages = {282--290}
}


@inproceedings{DBLP:conf/pods/DeutchKM10,
  author    = {Daniel Deutch and
               Christoph Koch and
               Tova Milo},
  title     = {On probabilistic fixpoint and Markov chain query languages},
  booktitle = {Proceedings of the Twenty-Ninth {ACM} {SIGMOD-SIGACT-SIGART} Symposium
               on Principles of Database Systems, ({PODS})},
  pages     = {215--226},
  year      = {2010}
}


  @inproceedings{tenCate+:whynot:2015,
 author = {ten Cate, Balder and Civili, Cristina and Sherkhonov, Evgeny and Tan, Wang-Chiew},
 title = {High-Level Why-Not Explanations Using Ontologies},
 booktitle = {Proceedings of the 34th ACM Symposium on Principles of Database Systems},
 series = {PODS '15},
 year = {2015},
 isbn = {978-1-4503-2757-2},
 location = {Melbourne, Victoria, Australia},
 pages = {31--43},
 numpages = {13}
}


  @inproceedings{Xin+:shark:2013,
 author = {Xin, Reynold S. and Rosen, Josh and Zaharia, Matei and Franklin, Michael J. and Shenker, Scott and Stoica, Ion},
 title = {Shark: SQL and Rich Analytics at Scale},
 booktitle = {Proceedings of the 2013 ACM SIGMOD International Conference on Management of Data},
 series = {SIGMOD '13},
 year = {2013},
 pages = {13--24},
 numpages = {12}
}


@inproceedings{Huang+:2015,
 author = {Huang, Botong and Boehm, Matthias and Tian, Yuanyuan and Reinwald, Berthold and Tatikonda, Shirish and Reiss, Frederick R.},
 title = {Resource Elasticity for Large-Scale Machine Learning},
 booktitle = {Proceedings of the 2015 ACM SIGMOD International Conference on Management of Data},
 series = {SIGMOD '15},
 year = {2015},
 isbn = {978-1-4503-2758-9},
 location = {Melbourne, Victoria, Australia},
 pages = {137--152}
}

  @article{healthcare,
year={2014},
journal={Health Information Science and Systems},
eid={3},
volume={2},
number={1},
title={Big data analytics in healthcare: promise and potential},
publisher={BioMed Central},
author={Raghupathi, Wullianallur and Raghupathi, Viju},
}

@article{Calinescu+:submodular:2011,
 author = {Calinescu, Gruia and Chekuri, Chandra and P\'{a}l, Martin and Vondr\'{a}k, Jan},
 title = {Maximizing a Monotone Submodular Function Subject to a Matroid Constraint},
 journal = {SIAM J. Comput.},
 issue_date = {November 2011},
 volume = {40},
 number = {6},
 month = dec,
 year = {2011},
 issn = {0097-5397},
 pages = {1740--1766},
 numpages = {27}
}


@inproceedings{StolteH:polaris:2000,
 author = {Stolte, Chris and Hanrahan, Pat},
 title = {Polaris: A System for Query, Analysis and Visualization of Multi-Dimensional Relational Databases},
 booktitle = {Proceedings of the IEEE Symposium on Information Vizualization 2000},
 series = {INFOVIS '00},
 year = {2000},
 isbn = {0-7695-0804-9},
 pages = {5--}
}

@inproceedings{StonebrakerK:timber:1982,
 author = {Stonebraker, Michael and Kalash, Joseph},
 title = {TIMBER: A Sophisticated Relation Browser (Invited Paper)},
 booktitle = {Proceedings of the 8th International Conference on Very Large Data Bases},
 series = {VLDB '82},
 year = {1982},
 isbn = {0-934613-14-1},
 pages = {1--10},
 numpages = {10}
}

@inproceedings{BattleSC:vis:2013,
  author    = {Leilani Battle and
               Michael Stonebraker and
               Remco Chang},
  title     = {Dynamic reduction of query result sets for interactive visualizaton},
  booktitle = {Proceedings of the 2013 {IEEE} International Conference on Big Data,
               6-9 October 2013, Santa Clara, CA, {USA}},
  pages     = {1--8},
  year      = {2013}
}


@inproceedings{DBLP:conf/edbt/Keim14,
  author    = {Daniel A. Keim},
  title     = {Exploring Big Data using Visual Analytics},
  booktitle = {Proceedings of the Workshops of the {EDBT/ICDT} 2014 Joint Conference
               {(EDBT/ICDT})},
  pages     = {160},
  year      = {2014}
}

@inproceedings{Neophytou+:astroshelf:2012,
 author = {Neophytou, Panayiotis and Gheorghiu, Roxana and Hachey, Rebecca and Luciani, Timothy and Bao, Di and Labrinidis, Alexandros and Marai, Elisabeta G. and Chrysanthis, Panos K.},
 title = {AstroShelf: Understanding the Universe Through Scalable Navigation of a Galaxy of Annotations},
 booktitle = {Proceedings of the 2012 ACM SIGMOD International Conference on Management of Data},
 series = {SIGMOD '12},
 year = {2012},
 isbn = {978-1-4503-1247-9},
 pages = {713--716},
 numpages = {4},
}



@inproceedings{IdreosPC:dataexploration:2015,
 author = {Idreos, Stratos and Papaemmanouil, Olga and Chaudhuri, Surajit},
 title = {Overview of Data Exploration Techniques},
 booktitle = {Proceedings of the 2015 ACM SIGMOD International Conference on Management of Data},
 series = {SIGMOD '15},
 year = {2015},
 isbn = {978-1-4503-2758-9},
 pages = {277--281},
 numpages = {5}
}


@book{probdbbook,
 author = {Suciu, Dan and Olteanu, Dan and Christopher, R. and Koch, Christoph},
 title = {Probabilistic Databases},
 year = {2011},
 isbn = {1608456803, 9781608456802},
 edition = {1st},
 publisher = {Morgan \& Claypool Publishers},
}


@article{DalviS:JACM:2012,
  author    = {Nilesh N. Dalvi and
               Dan Suciu},
  title     = {The dichotomy of probabilistic inference for unions of conjunctive
               queries},
  journal   = {J. {ACM}},
  volume    = {59},
  number    = {6},
  pages     = {30},
  year      = {2012},
  url       = {http://doi.acm.org/10.1145/2395116.2395119},
  doi       = {10.1145/2395116.2395119},
  timestamp = {Tue, 15 Jan 2013 18:36:30 +0100},
  biburl    = {http://dblp.uni-trier.de/rec/bib/journals/jacm/DalviS12},
  bibsource = {dblp computer science bibliography, http://dblp.org}
}

@article{RichardsonD:MLN:2006,
 author = {Richardson, Matthew and Domingos, Pedro},
 title = {Markov Logic Networks},
 journal = {Mach. Learn.},
 issue_date = {February  2006},
 volume = {62},
 number = {1-2},
 month = feb,
 year = {2006},
 issn = {0885-6125},
 pages = {107--136},
 numpages = {30}
}


@INPROCEEDINGS{Sarwar+00,
    author = {Badrul M. Sarwar and George Karypis and Joseph A. Konstan and John T. Riedl},
    title = {Application of Dimensionality Reduction in Recommender System -- A Case Study},
    booktitle = {IN ACM WEBKDD WORKSHOP},
    year = {2000},
    publisher = {}
}

@article{ghodsi2006dimensionality,
  title={Dimensionality reduction a short tutorial},
  author={Ghodsi, Ali},
  journal={Department of Statistics and Actuarial Science, Univ. of Waterloo, Ontario, Canada},
  year={2006}
}

@inproceedings{RamanS:2006,
 author = {Raman, Vijayshankar and Swart, Garret},
 title = {How to Wring a Table Dry: Entropy Compression of Relations and Querying of Compressed Relations},
 booktitle = {Proceedings of the 32Nd International Conference on Very Large Data Bases},
 series = {VLDB '06},
 year = {2006},
 location = {Seoul, Korea},
 pages = {858--869}
}


@article{VoV:2007,
 author = {Vo, Binh Dao and Vo, Kiem-Phong},
 title = {Compressing Table Data with Column Dependency},
 journal = {Theor. Comput. Sci.},
 issue_date = {November, 2007},
 volume = {387},
 number = {3},
 month = nov,
 year = {2007},
 issn = {0304-3975},
 pages = {273--283}
}


@inproceedings{KahnKL:1988,
 author = {Kahn, J. and Kalai, G. and Linial, N.},
 title = {The Influence of Variables on Boolean Functions},
 booktitle = {Proceedings of the 29th Annual Symposium on Foundations of Computer Science},
 series = {SFCS '88},
 year = {1988},
 isbn = {0-8186-0877-3},
 pages = {68--80}
}


@book{nelson1996data,
  title={The data compression book},
  author={Nelson, Mark and Gailly, Jean-Loup},
  volume={2},
  year={1996},
  publisher={M\&T Books New York}
}

@article{HarinarayanRU:1996,
 author = {Harinarayan, Venky and Rajaraman, Anand and Ullman, Jeffrey D.},
 title = {Implementing Data Cubes Efficiently},
 journal = {SIGMOD Rec.},
 issue_date = {June 1996},
 volume = {25},
 number = {2},
 month = jun,
 year = {1996},
 issn = {0163-5808},
 pages = {205--216}
}


@inproceedings{Gupta+:1997,
 author = {Gupta, Himanshu and Harinarayan, Venky and Rajaraman, Anand and Ullman, Jeffrey D.},
 title = {Index Selection for OLAP},
 booktitle = {Proceedings of the Thirteenth International Conference on Data Engineering},
 series = {ICDE '97},
 year = {1997},
 isbn = {0-8186-7807-0},
 pages = {208--219}
}


@article{Gray+:cube:1997,
 author = {Gray, Jim and Chaudhuri, Surajit and Bosworth, Adam and Layman, Andrew and Reichart, Don and Venkatrao, Murali and Pellow, Frank and Pirahesh, Hamid},
 title = {Data Cube: A Relational Aggregation Operator Generalizing Group-By, Cross-Tab, and Sub-Totals},
 journal = {Data Min. Knowl. Discov.},
 issue_date = {1997},
 volume = {1},
 number = {1},
 month = jan,
 year = {1997},
 issn = {1384-5810},
 pages = {29--53}
}


@inproceedings{Agarwal+:1996,
 author = {Agarwal, Sameet and Agrawal, Rakesh and Deshpande, Prasad and Gupta, Ashish and Naughton, Jeffrey F. and Ramakrishnan, Raghu and Sarawagi, Sunita},
 title = {On the Computation of Multidimensional Aggregates},
 booktitle = {Proceedings of the 22th International Conference on Very Large Data Bases},
 series = {VLDB '96},
 year = {1996},
 isbn = {1-55860-382-4},
 pages = {506--521}
}


@article{ChaudhuriMN:1999,
 author = {Chaudhuri, Surajit and Motwani, Rajeev and Narasayya, Vivek},
 title = {On Random Sampling over Joins},
 journal = {SIGMOD Rec.},
 issue_date = {June 1999},
 volume = {28},
 number = {2},
 month = jun,
 year = {1999},
 issn = {0163-5808},
 pages = {263--274}
}


@article{ChaudhuriDN:2007,
 author = {Chaudhuri, Surajit and Das, Gautam and Narasayya, Vivek},
 title = {Optimized Stratified Sampling for Approximate Query Processing},
 journal = {ACM Trans. Database Syst.},
 issue_date = {June 2007},
 volume = {32},
 number = {2},
 month = jun,
 year = {2007},
 issn = {0362-5915}
}


@inproceedings{Chaudhuri+:2001,
 author = {Chaudhuri, Surajit and Das, Gautam and Datar, Mayur and Motwani, Rajeev and Narasayya, Vivek R.},
 title = {Overcoming Limitations of Sampling for Aggregation Queries},
 booktitle = {Proceedings of the 17th International Conference on Data Engineering ({ICDE})},
 year = {2001},
 isbn = {0-7695-1001-9},
 pages = {534--542}
}


@inproceedings{OlkenR:1986,
 author = {Olken, Frank and Rotem, Doron},
 title = {Simple Random Sampling from Relational Databases},
 booktitle = {Proceedings of the 12th International Conference on Very Large Data Bases},
 series = {VLDB '86},
 year = {1986},
 isbn = {0-934613-18-4},
 pages = {160--169}
}


@inproceedings{AgarwalMKTJMMS14,
 author = {Agarwal, Sameer and Milner, Henry and Kleiner, Ariel and Talwalkar, Ameet and Jordan, Michael and Madden, Samuel and Mozafari, Barzan and Stoica, Ion},
 title = {Knowing when You'Re Wrong: Building Fast and Reliable Approximate Query Processing Systems},
 booktitle = {Proceedings of the 2014 ACM SIGMOD International Conference on Management of Data},
 series = {SIGMOD '14},
 year = {2014},
 isbn = {978-1-4503-2376-5},
 location = {Snowbird, Utah, USA},
 pages = {481--492}
}
              ,



@book{shalizi2013advanced,
  title={Advanced data analysis from an elementary point of view},
  author={Shalizi, Cosma},
  year={2012},
  publisher={Cambridge University Press}
}

@inproceedings{ball2010total,
  title={Total delay impact study},
  author={Ball, Michael and others},
  booktitle={NEXTOR Research Symposium, Washington DC.},
  year={2010}
}

@article{AgarwalPMIMS12,
 author = {Agarwal, Sameer and Iyer, Anand P. and Panda, Aurojit and Madden, Samuel and Mozafari, Barzan and Stoica, Ion},
 title = {Blink and It's Done: Interactive Queries on Very Large Data},
 journal = {Proc. VLDB Endow. (PVLDB)},
 issue_date = {August 2012},
 volume = {5},
 number = {12},
 month = aug,
 year = {2012},
 issn = {2150-8097},
 pages = {1902--1905},
}

@article{pearl2010introduction,
  title={An introduction to causal inference},
  author={Pearl, Judea},
  journal={The international journal of biostatistics},
  volume={6},
  number={2},
  year={2010}
}



@inproceedings{hustadt1994we,
  author    = {Ullrich Hustadt},
  title     = {Do we need the closed world assumption in knowledge representation?},
  booktitle = {Reasoning about Structured Objects: Knowledge Representation Meets
               Databases, Proceedings of 1st Workshop KRDB'94},
  year      = {1994}
}

@inproceedings{StoyanovichAM:2011,
 author = {Stoyanovich, Julia and Amer-Yahia, Sihem and Milo, Tova},
 title = {Making Interval-based Clustering Rank-aware},
 booktitle = {Proceedings of the 14th International Conference on Extending Database Technology},
 series = {EDBT/ICDT '11},
 year = {2011},
 isbn = {978-1-4503-0528-0},
 location = {Uppsala, Sweden},
 pages = {437--448}
}



@inproceedings{Feng+:2012,
 author = {Feng, Xixuan and Kumar, Arun and Recht, Benjamin and R{\'e}, Christopher},
 title = {Towards a Unified Architecture for in-RDBMS Analytics},
 booktitle = {Proceedings of the 2012 ACM SIGMOD International Conference on Management of Data},
 series = {SIGMOD '12},
 year = {2012},
 isbn = {978-1-4503-1247-9},
 location = {Scottsdale, Arizona, USA},
 pages = {325--336}
}



@article{ChaudhuriD:olapsurvey:1997,
 author = {Chaudhuri, Surajit and Dayal, Umeshwar},
 title = {An Overview of Data Warehousing and OLAP Technology},
 journal = {SIGMOD Rec.},
 issue_date = {March 1997},
 volume = {26},
 number = {1},
 month = mar,
 year = {1997},
 issn = {0163-5808},
 pages = {65--74}
}

@article{VassiliadisS:olapmodelsurvey:1999,
 author = {Vassiliadis, Panos and Sellis, Timos},
 title = {A Survey of Logical Models for OLAP Databases},
 journal = {SIGMOD Rec.},
 issue_date = {Dec.1999},
 volume = {28},
 number = {4},
 month = dec,
 year = {1999},
 issn = {0163-5808},
 pages = {64--69},
 numpages = {6}
}



@book{aristotle1947aristotle,
  title={Aristotle Metaphysics},
  author={Aristotle and Tredennick, Hugh},
  year={1947},
  publisher={Harvard University Press}
}

@InCollection{sep-aristotle-causality,
	author       =	{Falcon, Andrea},
	title        =	{Aristotle on Causality},
	booktitle    =	{The Stanford Encyclopedia of Philosophy},
	editor       =	{Edward N. Zalta},
	howpublished =	{\mbox{\url{http://plato.stanford.edu/archives/spr2015/entries/aristotle-causality/}}},
	year         =	{2015},
	edition      =	{Spring 2015},
}


@book{Pearson1900,
title = {The grammar of science},
url = {http://www.biodiversitylibrary.org/item/26639},
note = {http://www.biodiversitylibrary.org/item/26639},
publisher = {London,A. and C. Black,},
author = {Pearson, Karl},
year = {1900},
pages = {584},
keywords = {Classification of sciences|Evolution|Philosophy|Science|},
}


@incollection{Hempel1965,
	editor = {},
	title = {Aspects of Scientific Explanation},
	number = {1},
	author = {Carl Gustav Hempel},
	booktitle = {Philosophy, Philosophy and Phenomenological Research},
	year = {1965},
	publisher = {Free Press},
	volume = {27},
	pages = {504}
}




@inproceedings{Le+14,
 author = {Le, Vu and Gulwani, Sumit},
 title = {FlashExtract: A Framework for Data Extraction by Examples},
 booktitle = {Proceedings of the 35th ACM SIGPLAN Conference on Programming Language Design and Implementation},
 series = {PLDI '14},
 year = {2014},
 isbn = {978-1-4503-2784-8},
 location = {Edinburgh, United Kingdom},
 pages = {542--553}
}



@inproceedings{DasSarma+10,
 author = {Das Sarma, Anish and Parameswaran, Aditya and Garcia-Molina, Hector and Widom, Jennifer},
 title = {Synthesizing View Definitions from Data},
 booktitle = {Proc. 13th International Conference on Database Theory},
 series = {ICDT '10},
 year = {2010},
 isbn = {978-1-60558-947-3},
 location = {Lausanne, Switzerland},
 pages = {89--103}
}




@inproceedings{Tran+09,
 author = {Tran, Quoc Trung and Chan, Chee-Yong and Parthasarathy, Srinivasan},
 title = {Query by Output},
 booktitle = {Proceedings of the 2009 ACM SIGMOD International Conference on Management of Data},
 series = {SIGMOD '09},
 year = {2009},
 isbn = {978-1-60558-551-2},
 location = {Providence, Rhode Island, USA},
 pages = {535--548}
}





@inproceedings{DalviS04,
  author    = {Nilesh N. Dalvi and
               Dan Suciu},
  title     = {Efficient Query Evaluation on Probabilistic Databases},
  booktitle = {Proceedings of the Thirtieth International Conference on Very Large
               Data Bases},
 series = {VLDB '04},
  pages     = {864--875},
  year      = {2004}
}


@inproceedings{Boulos+:mystiq:2005,
 author = {Boulos, Jihad and Dalvi, Nilesh and Mandhani, Bhushan and Mathur, Shobhit and Re, Chris and Suciu, Dan},
 title = {MYSTIQ: A System for Finding More Answers by Using Probabilities},
 booktitle = {Proceedings of the 2005 ACM SIGMOD International Conference on Management of Data},
 series = {SIGMOD '05},
 year = {2005},
 isbn = {1-59593-060-4},
 location = {Baltimore, Maryland},
 pages = {891--893}
}


@inproceedings{Huang+:maybms:2009,
 author = {Huang, Jiewen and Antova, Lyublena and Koch, Christoph and Olteanu, Dan},
 title = {MayBMS: A Probabilistic Database Management System},
 booktitle = {Proceedings of the 2009 ACM SIGMOD International Conference on Management of Data},
 series = {SIGMOD '09},
 year = {2009},
 isbn = {978-1-60558-551-2},
 location = {Providence, Rhode Island, USA},
 pages = {1071--1074}
}


@inproceedings{KanagalLD:2011,
 author = {Kanagal, Bhargav and Li, Jian and Deshpande, Amol},
 title = {Sensitivity Analysis and Explanations for Robust Query Evaluation in Probabilistic Databases},
 booktitle = {Proceedings of the 2011 ACM SIGMOD International Conference on Management of Data},
 series = {SIGMOD '11},
 year = {2011},
 isbn = {978-1-4503-0661-4},
 location = {Athens, Greece},
 pages = {841--852}
}


@article{SenDG:2009,
 author = {Sen, Prithviraj and Deshpande, Amol and Getoor, Lise},
 title = {PrDB: Managing and Exploiting Rich Correlations in Probabilistic Databases},
 journal = {The VLDB Journal},
 issue_date = {October   2009},
 volume = {18},
 number = {5},
 month = oct,
 year = {2009},
 issn = {1066-8888},
 pages = {1065--1090}
}


@article{ImielinskiL:1984,
 author = {Imieli\'{n}ski, Tomasz and Lipski,Jr., Witold},
 title = {Incomplete Information in Relational Databases},
 journal = {J. ACM},
 issue_date = {Oct. 1984},
 volume = {31},
 number = {4},
 month = sep,
 year = {1984},
 issn = {0004-5411},
 pages = {761--791}
}


@inproceedings{GreenT:2006,
 author = {Green, Todd J. and Tannen, Val},
 title = {Models for Incomplete and Probabilistic Information},
 booktitle = {Proceedings of the 2006 International Conference on Current Trends in Database Technology},
 series = {EDBT'06},
 year = {2006},
 isbn = {3-540-46788-2, 978-3-540-46788-5},
 location = {Munich, Germany},
 pages = {278--296}
}


@inproceedings{DBLP:conf/cidr/KraskaTDGFJ13,
  author    = {Tim Kraska and
               Ameet Talwalkar and
               John C. Duchi and
               Rean Griffith and
               Michael J. Franklin and
               Michael I. Jordan},
  title     = {MLbase: {A} Distributed Machine-learning System},
  booktitle = {Sixth Biennial Conference on Innovative Data Systems
               Research (CIDR)},
  year      = {2013}
}



@article{Hellerstein+:MADLIB:2012,
 author = {Hellerstein, Joseph M. and R{\'e}, Christoper and Schoppmann, Florian and Wang, Daisy Zhe and Fratkin, Eugene and Gorajek, Aleksander and Ng, Kee Siong and Welton, Caleb and Feng, Xixuan and Li, Kun and Kumar, Arun},
 title = {The MADlib Analytics Library: Or MAD Skills, the SQL},
 journal = {Proc. VLDB Endow. (PVLDB)},
 issue_date = {August 2012},
 volume = {5},
 number = {12},
 month = aug,
 year = {2012},
 issn = {2150-8097},
 pages = {1700--1711}
}


@inproceedings{JinHE:2004,
 author = {Jin, Wen and Han, Jiawei and Ester, Martin},
 title = {Mining Thick Skylines over Large Databases},
 booktitle = {Proceedings of the 8th European Conference on Principles and Practice of Knowledge Discovery in Databases},
 series = {PKDD '04},
 year = {2004},
 isbn = {3-540-23108-0},
 location = {Pisa, Italy},
 pages = {255--266}
}




@article{Liu:2009,
 author = {Liu, Tie-Yan},
 title = {Learning to Rank for Information Retrieval},
 journal = {Found. Trends Inf. Retr.},
 issue_date = {March 2009},
 volume = {3},
 number = {3},
 month = mar,
 year = {2009},
 issn = {1554-0669},
 pages = {225--331}
}


@inproceedings{Liu:2008,
 author = {Liu, Nathan N. and Yang, Qiang},
 title = {EigenRank: A Ranking-oriented Approach to Collaborative Filtering},
 booktitle = {Proceedings of the 31st Annual International ACM SIGIR Conference on Research and Development in Information Retrieval},
 series = {SIGIR '08},
 year = {2008},
 isbn = {978-1-60558-164-4},
 location = {Singapore, Singapore},
 pages = {83--90}
}



@inproceedings{KahngLL:2011,
 author = {Kahng, Minsuk and Lee, Sangkeun and Lee, Sang-goo},
 title = {Ranking in Context-aware Recommender Systems},
 booktitle = {Proceedings of the 20th International Conference Companion on World Wide Web},
 series = {WWW '11},
 year = {2011},
 isbn = {978-1-4503-0637-9},
 location = {Hyderabad, India},
 pages = {65--66}
}


@TechReport {ShaniG:MS:115396,
author       = {Guy Shani and Asela Gunawardana},
month        = {November},
number       = {MSR-TR-2009-159},
publisher    = {Microsoft Research},
title        = {Evaluating Recommender Systems},
url          = {http://research.microsoft.com/apps/pubs/default.aspx?id=115396},
year         = {2009},
}


@inproceedings{GeDJ:2010,
 author = {Ge, Mouzhi and Delgado-Battenfeld, Carla and Jannach, Dietmar},
 title = {Beyond Accuracy: Evaluating Recommender Systems by Coverage and Serendipity},
 booktitle = {Proceedings of the Fourth ACM Conference on Recommender Systems},
 series = {RecSys '10},
 year = {2010},
 isbn = {978-1-60558-906-0},
 location = {Barcelona, Spain},
 pages = {257--260}
}




@inproceedings{TutorialHuangGL11,
 author = {Huang, Shan Shan and Green, Todd Jeffrey and Loo, Boon Thau},
 title = {Datalog and Emerging Applications: An Interactive Tutorial},
 booktitle = {Proceedings of the 2011 ACM SIGMOD International Conference on Management of Data},
 series = {SIGMOD '11},
 year = {2011},
 isbn = {978-1-4503-0661-4},
 location = {Athens, Greece},
 pages = {1213--1216}
}









@article{explanation-demo-submitted,
 shorthand={Manuscript-1},
 author = {Lin Li and Laurel Orr and Sudeepa Roy and Dan Suciu},
 title = {Explaining Aggregate Queries with XPLAIN},
year={2014},
 journal = {Manuscript}
}

@article{tods-datalog-manuscript,
shorthand={Manuscript-3},
  author    = {Daniel Deutch and
	            Todd J. Green and
							Gregory Karvournakis and
							Tova Milo and							
							Sudeepa Roy and
               Val Tannen},
  title     = {Semirings and Circuits for Datalog Provenance},
  journal = {Manuscript},
  year      = {2014},
}


@article{DBLP:journals/tods/DavidsonKMR14,
  author    = {Susan B. Davidson and
               Sanjeev Khanna and
               Tova Milo and
               Sudeepa Roy},
  title     = {Top-k and Clustering with Noisy Comparisons},
  journal   = {{ACM} Trans. Database Syst.},
  volume    = {39},
  number    = {4},
  pages     = {35:1--35:39},
  year      = {2014},
  note= {\mbox{\url{http://www.cs.duke.edu/~sudeepa/TODS2014-noisy.pdf}}}
}


@article{tods15-probdb,
  author    = {Paul Beame and
               Jerry Li and
               Sudeepa Roy and
               Dan Suciu},
  title     = {Exact Model Counting of Query Expressions: Limitations of Propositional Methods},
	year={2015},
  journal   = {{Invited paper under submission to ACM Transactions on Database Systems (TODS)}},
 note = {\mbox{\url{http://www.cs.duke.edu/~sudeepa/JournalSubmission-modelcounting.pdf}}}
}

@article{VLDB14-tutorial,
  author    = {Alexandra Meliou and
               Sudeepa Roy and
               Dan Suciu},
  title     = {{Causality and Explanations in Databases.}},
  journal   = {{Proc. VLDB Endow. (PVLDB)}},
  year      = {2014},
  volume    = {7},
  number    = {13},
  pages     = {1715--1716},
  note = {\mbox{\url{http://cs.duke.edu/~sudeepa/Tutorial-Causality-Expl-VLDB14.pdf}}}
}

@article{forbes,
 shorthand={C},
 journal = {\emph{http://www.forbes.com/sites/gilpress/2013/12/12/16-1-billion-big-data-market-2014-predictions-from-idc-and-iia/}},
 year={2013}
}


@article{whitepaper,
 author = {A community white paper developed by leading researchers across the United States},
 title = {Challenges and Opportunities with Big Data},
year={2012}
}


@book{PearlBook2000,
 author = {Pearl, Judea},
 title = {Causality: models, reasoning, and inference},
 year = {2000},
 isbn = {0-521-77362-8},
 publisher = {Cambridge University Press}
}





@inproceedings{icdt14-probdb,
  author    = {Paul Beame and
               Jerry Li and
               Sudeepa Roy and
               Dan Suciu},
  title     = {Model Counting of Query Expressions: Limitations of Propositional Methods},
  booktitle = {Proc. 17th International Conference on Database Theory (Invited to ACM TODS as one of the best papers in ICDT'14)},
 series = {ICDT '14},
  pages     = {177--188},
  year      = {2014},
  note = {\mbox{\url{http://www.cs.duke.edu/~sudeepa/icdt2014-modelcounting.pdf}}}
}





@inproceedings{icdt14-datalog,
  author    = {Daniel Deutch and
               Tova Milo and
               Sudeepa Roy and
               Val Tannen},
  title     = {Circuits for Datalog Provenance},
  booktitle = {Proc. 17th International Conference on Database Theory},
 series = {ICDT '14},
  pages     = {201--212},
  year      = {2014},
  note = {\mbox{\url{http://www.cs.duke.edu/~sudeepa/icdt2014-datalog-provenance.pdf}}}
}

@inproceedings{cidr11,
  author = {Susan B. Davidson and
               Sanjeev Khanna and
               Val Tannen and
               Sudeepa Roy and
               Yi Chen and
               Tova Milo and
               Julia Stoyanovich},
  title     = {Enabling Privacy in Provenance-Aware Workflow Systems},
  booktitle = {CIDR},
  year      = {2011},
  pages     = {215-218},
  note = {\mbox{\url{http://www.cs.duke.edu/~sudeepa/cidr11-privacy-wf.pdf}}}
}


@inproceedings{wands10,
shorthand={WANDS10},
  author = {Susan B. Davidson and
               Sanjeev Khanna and
               Sudeepa Roy and
               Sarah Cohen Boulakia},
  title     = {Privacy Issues in Scientific Workflow Provenance},
  booktitle = {International Workshop on Workflow Approaches to New Data-centric Science (in conjunction with SIGMOD/PODS)},
  year      = {2010}
}

@inproceedings{dnis11,
shorthand={DNIS11},
  author    = {Susan B. Davidson and
               Zhuowei Bao and
               Sudeepa Roy},
  title     = {Hiding Data and Structure in Workflow Provenance},
  booktitle = {DNIS},
  year      = {2011},
  pages     = {41-48}
}

@inproceedings{icdt11-keynote,
shorthand={ICDT11-Invited},
  author    = {Susan B. Davidson and
               Sanjeev Khanna and
               Sudeepa Roy and
               Julia Stoyanovich and
               Val Tannen and
               Yi Chen},
  title     = {On Provenance and Privacy},
  booktitle = {ICDT  (Invited keynote talk by Susan Davidson)},
  year      = {2011},
  pages     = {3-10}
}




@inproceedings{uai13,
  author    = {Paul Beame and
               Jerry Li and
               Sudeepa Roy and
               Dan Suciu},
  title     = {Lower Bounds for Exact Model Counting and Applications in Probabilistic
               Databases},
  booktitle = {Proceedings of the Twenty-Ninth Conference on Uncertainty in Artificial
               Intelligence ({UAI})},
  year      = {2013},
  note = {\mbox{\url{http://www.cs.duke.edu/~sudeepa/UAI2013-ModelCounting.pdf}}}
}


@inproceedings{icdt09,
 author = {Biton, Olivier and Davidson, Susan B. and Khanna, Sanjeev and Roy, Sudeepa},
 title = {Optimizing User Views for Workflows},
 booktitle = {Proc. 12th International Conference on Database Theory},
 series = {ICDT '09},
 year = {2009},
 isbn = {978-1-60558-423-2},
 location = {St. Petersburg, Russia},
 pages = {310--323},
  note = {\mbox{\url{http://www.cs.duke.edu/~sudeepa/icdt09-userview.pdf}}}
}




@inproceedings{sigmod10,
 author = {Bao, Zhuowei and Davidson, Susan B. and Khanna, Sanjeev and Roy, Sudeepa},
 title = {An Optimal Labeling Scheme for Workflow Provenance Using Skeleton Labels},
 booktitle = {Proceedings of the 2010 ACM SIGMOD International Conference on Management of Data},
 series = {SIGMOD '10},
 year = {2010},
 isbn = {978-1-4503-0032-2},
 location = {Indianapolis, Indiana, USA},
 pages = {711--722},
  note = {\mbox{\url{http://www.cs.duke.edu/~sudeepa/sigmod10-wf-labeling.pdf}}}
 }





@inproceedings{icdt11,
 author = {Roy, Sudeepa and Perduca, Vittorio and Tannen, Val},
 title = {Faster Query Answering in Probabilistic Databases Using Read-once Functions},
 booktitle = {Proc. 14th International Conference on Database Theory},
 series = {ICDT '11},
 year = {2011},
 isbn = {978-1-4503-0529-7},
 location = {Uppsala, Sweden},
 pages = {232--243},
  note = {\mbox{\url{http://www.cs.duke.edu/~sudeepa/icdt11-read-once.pdf}}}
}



@inproceedings{pods11,
 author = {Davidson, Susan B. and Khanna, Sanjeev and Milo, Tova and Panigrahi, Debmalya and Roy, Sudeepa},
 title = {Provenance Views for Module Privacy},
 booktitle = {Proceedings of the Thirtieth ACM SIGMOD-SIGACT-SIGART Symposium on Principles of Database Systems},
 series = {PODS '11},
 year = {2011},
 isbn = {978-1-4503-0660-7},
 location = {Athens, Greece},
 pages = {175--186},
  note = {\mbox{\url{http://www.cs.duke.edu/~sudeepa/pods2011-module-privacy.pdf}}}
}



@article{vldb11,
  author    = {Sanjeev Khanna and
               Sudeepa Roy and
               Val Tannen},
  title     = {Queries with Difference on Probabilistic Databases},
  journal   = {Proc. VLDB Endow. (PVLDB)},
  volume    = {4},
  number    = {11},
  year      = {2011},
  pages     = {1051-1062},
  note = {\mbox{\url{http://www.cs.duke.edu/~sudeepa/VLDB11-probdb-difference.pdf}}}
}


@inproceedings{sigmod13,
 author = {Roy, Sudeepa and Chiticariu, Laura and Feldman, Vitaly and Reiss, Frederick R. and Zhu, Huaiyu},
 title = {Provenance-based Dictionary Refinement in Information Extraction},
 booktitle = {Proceedings of the 2013 ACM SIGMOD International Conference on Management of Data},
 series = {SIGMOD '13},
 year = {2013},
 isbn = {978-1-4503-2037-5},
 location = {New York, New York, USA},
 pages = {457--468},
 numpages = {12},
  note = {\mbox{\url{http://www.cs.duke.edu/~sudeepa/sigmod2013-dictionary.pdf}}}
}



@inproceedings{icdt13-crowd,
 author = {Davidson, Susan B. and Khanna, Sanjeev and Milo, Tova and Roy, Sudeepa},
 title = {Using the Crowd for Top-k and Group-by Queries},
 booktitle = {Proc. 16th International Conference on Database Theory (Invited to ACM TODS as one of the best papers in ICDT'13)},
 series = {ICDT '13},
 year = {2013},
 isbn = {978-1-4503-1598-2},
 location = {Genoa, Italy},
 pages = {225--236},
  note = {\mbox{\url{http://www.cs.duke.edu/~sudeepa/icdt2013_crowdsourcing.pdf}}}
}





@inproceedings{icdt13-wfprivacy,
 author = {Davidson, Susan B. and Milo, Tova and Roy, Sudeepa},
 title = {A Propagation Model for Provenance Views of Public/Private Workflows},
 booktitle = {Proc. 16th International Conference on Database Theory},
 series = {ICDT '13},
 year = {2013},
 isbn = {978-1-4503-1598-2},
 location = {Genoa, Italy},
 pages = {165--176},
  note = {\mbox{\url{http://www.cs.duke.edu/~sudeepa/icdt2013_module_privacy_propagation.pdf}}}
}


@inproceedings{icdt15,
  author    = {Paraschos Koutris and
               Tova Milo and
               Sudeepa Roy and
               Dan Suciu},
  title     = {Answering Conjunctive Queries with Inequalities},
  booktitle = {Proc. 18th International Conference on Database Theory},
 series = {ICDT '15},
  pages     = {76--93},
  year      = {2015},
  note = {\mbox{\url{http://www.cs.duke.edu/~sudeepa/ICDT2015-inequality.pdf}}}
}


@article{Khoussainova+2012,
 author = {Khoussainova, Nodira and Balazinska, Magdalena and Suciu, Dan},
 title = {PerfXplain: debugging MapReduce job performance},
 journal = {Proc. VLDB Endow. (PVLDB)},
 issue_date = {March 2012},
 volume = {5},
 number = {7},
 month = mar,
 year = {2012},
 issn = {2150-8097},
 pages = {598--609},
 numpages = {12},
 url = {http://dl.acm.org/citation.cfm?id=2180912.2180913},
 acmid = {2180913},
 publisher = {VLDB Endowment}
}


@inproceedings{patent-IBM,
  author    = {Laura Chiticariu and
   Vitaly Feldman and
    Frederick R. Reiss and
     Huaiyu Zhu
     and  Sudeepa Roy},
  title     = {Refining a dictionary for information extraction},
  booktitle = {Assignee: Business Machines Corporation, Patent number: US8775419 B2},
  year      = {Issued on July 8, 2014}
}

@inproceedings{patent-honeywell,
  author    = {Meenakshi Balasubramanian and
   Abhishek Bhatnagar
     and  Sudeepa Roy},
  title     = {Automatic translation of simulink models into the input language of a model checker},
  booktitle = {Assignee: Honeywell International Inc., Patent number: US7698668 B2},
  year      = {Issued on April 13, 2010}
}

@inproceedings{pacer-uai-2013,
 author = {M.~Pacer and T.~Lombrozo and T.~Griffiths and J.~Williams and X.~Chen},
 title = {Evaluating computational models of explanation using human judgments},
 booktitle = {UAI},
 year = {2013}
 }


@article{DBLP:journals/pvldb/0002M13,
author = {Wu, Eugene and Madden, Samuel},
 title = {Scorpion: Explaining Away Outliers in Aggregate Queries},
 journal = {Proc. VLDB Endow. ({PVLDB})},
 issue_date = {June 2013},
 volume = {6},
 number = {8},
 month = jun,
 year = {2013},
 issn = {2150-8097},
 pages = {553--564}
 }


@inproceedings{DBLP:conf/flairs/SalimiB16,
  author    = {Babak Salimi and
               Leopoldo E. Bertossi},
  title     = {Causes for Query Answers from Databases, Datalog Abduction and View-Updates:
               The Presence of Integrity Constraints},
  booktitle = {FLAIRS},
  pages     = {674--679},
  year      = {2016},
  url       = {http://www.aaai.org/ocs/index.php/FLAIRS/FLAIRS16/paper/view/12915},

}

@inproceedings{MeliouGNS2011,
 author = {Meliou, Alexandra and Gatterbauer, Wolfgang and Nath, Suman and Suciu, Dan},
 title = {Tracing Data Errors with View-conditioned Causality},
 booktitle = {Proceedings of the 2011 ACM SIGMOD International Conference on Management of Data},
 series = {SIGMOD '11},
 year = {2011},
 isbn = {978-1-4503-0661-4},
 location = {Athens, Greece},
 pages = {505--516}
}



@article{MeliouGMS2011,
  author    = {Alexandra Meliou and
               Wolfgang Gatterbauer and
               Katherine F. Moore and
               Dan Suciu},
  title     = {The Complexity of Causality and Responsibility for Query
               Answers and non-Answers},
  journal   = {{Proc. VLDB Endow. (PVLDB)}},
  volume    = {4},
  number    = {1},
  year      = {2010},
  pages     = {34-45},
}


@book{PearlBook1998,
 author = {Pearl, Judea},
 title = {Probabilistic reasoning in intelligent systems: networks of plausible inference},
 year = {1988},
 isbn = {0-934613-73-7},
 publisher = {Morgan Kaufmann Publishers Inc.},
 address = {San Francisco, CA, USA},
}


@article{Yuan+2011,
  author    = {Changhe Yuan and
               Heejin Lim and
               Michael L. Littman},
  title     = {Most Relevant Explanation: computational complexity and
               approximation methods},
  journal   = {Ann. Math. Artif. Intell.},
  volume    = {61},
  number    = {3},
  year      = {2011},
  pages     = {159-183},
  ee        = {http://dx.doi.org/10.1007/s10472-011-9260-z},
  bibsource = {DBLP, http://dblp.uni-trier.de}
}


@inproceedings{Sathe+2001,
 author = {Sathe, Gayatri and Sarawagi, Sunita},
 title = {Intelligent Rollups in Multidimensional OLAP Data},
 booktitle = {Proceedings of the 27th International Conference on Very Large Data Bases},
 series = {VLDB '01},
 year = {2001},
 isbn = {1-55860-804-4},
 pages = {531--540},
 }




@article{Kimelfeld+-13,
  author    = {Benny Kimelfeld and
               Jan Vondr{\'{a}}k and
               David P. Woodruff},
  title     = {Multi-Tuple Deletion Propagation: Approximations and Complexity},
  journal   = {{PVLDB}},
  volume    = {6},
  number    = {13},
  pages     = {1558--1569},
  year      = {2013},
  url       = {http://www.vldb.org/pvldb/vol6/p1558-kimelfeld.pdf},
  timestamp = {Mon, 14 Oct 2013 15:18:58 +0200},
  biburl    = {http://dblp.uni-trier.de/rec/bib/journals/pvldb/KimelfeldVW13},
  bibsource = {dblp computer science bibliography, http://dblp.org}
}

@inproceedings{sigmod14-bender,
 author = {Bender, Gabriel and Kot, Lucja and Gehrke, Johannes},
 title = {Explainable Security for Relational Databases},
 booktitle = {Proceedings of the 2014 ACM SIGMOD International Conference on Management of Data},
 series = {SIGMOD '14},
 year = {2014},
 isbn = {978-1-4503-2376-5},
 location = {Snowbird, Utah, USA},
 pages = {1411--1422}
}






@inproceedings{RoyS14,
  author = {Roy, Sudeepa and Suciu, Dan},
 title = {A Formal Approach to Finding Explanations for Database Queries},
 series = {SIGMOD},
 year = {2014}
}


@inproceedings{RoyOS15,
  author    = {Sudeepa Roy and Laurel Orr and
               Dan Suciu},
  title     = {Explaining Query Answers with Explanation-Ready Databases},
  booktitle = {{Under submission}} ,
  year = {2015},
  note={\mbox{\url{http://www.cs.duke.edu/~sudeepa/ExplReady.pdf}}}
}



@book{AbiteboulHVBook,
  author    = {Serge Abiteboul and
               Richard Hull and
               Victor Vianu},
  title     = {Foundations of Databases},
  publisher = {Addison-Wesley},
  year      = {1995},
  isbn      = {0-201-53771-0},
  ee        = {http://www-cse.ucsd.edu/users/vianu/book.html},
  bibsource = {DBLP, http://dblp.uni-trier.de}
}

@book{UllmanBookPDK,
 author = {Ullman, Jeffrey D.},
 title = {Principles of Database and Knowledge-Base Systems: Volume II: The New Technologies},
 year = {1990},
 isbn = {071678162X},
 publisher = {W. H. Freeman \& Co.},
 address = {New York, NY, USA},
}

@article{geo-dblp,
  author    = {Fabian Hadiji and
               Kristian Kersting and
               Christian Bauckhage and
               Babak Ahmadi},
  title     = {GeoDBLP: Geo-Tagging DBLP for Mining the Sociology of Computer
               Science},
  journal   = {CoRR},
  volume    = {abs/1304.7984},
  year      = {2013},
  ee        = {http://arxiv.org/abs/1304.7984},
  bibsource = {DBLP, http://dblp.uni-trier.de}
}


@article{wiki-apgar,
 author={{Wikipedia article on APGAR Score}},
 title = {\mbox{\url{http://en.wikipedia.org/wiki/Apgar_score}}},
 journal={Wikipedia}
}

@article{apgar1952proposal,
  title={A proposal for a new method of evaluation of the newborn},
  author={Apgar, V},
  journal={{Current Researches in Anesthesia and Analgesia}},
  volume={32},
  issue={4},
year={1953},
  pages={260--267},
}



@inproceedings{Pacer+2013,
 author = {Pacer, Michael and ...},
 title = { 		Evaluating Computational Models... UAI2013 --TO FIX THE FORMAT},
}


@article{DBLP:journals/pvldb/0002M13,
  author    = {Eugene Wu and
               Samuel Madden},
  title     = {Scorpion: Explaining Away Outliers in Aggregate Queries},
  journal   = {PVLDB},
  volume    = {6},
  number    = {8},
  year      = {2013},
}


@article{Yuan+2011,
  author    = {Changhe Yuan and
               Heejin Lim and
               Michael L. Littman},
  title     = {Most Relevant Explanation: computational complexity and
               approximation methods},
  journal   = {Ann. Math. Artif. Intell.},
  volume    = {61},
  number    = {3},
  year      = {2011},
  pages     = {159-183},
  ee        = {http://dx.doi.org/10.1007/s10472-011-9260-z},
  bibsource = {DBLP, http://dblp.uni-trier.de}
}

@article{Beeri+83,
 author = {Beeri, Catriel and Fagin, Ronald and Maier, David and Yannakakis, Mihalis},
 title = {On the Desirability of Acyclic Database Schemes},
 journal = {J. ACM},
 issue_date = {July 1983},
 volume = {30},
 number = {3},
 month = jul,
 year = {1983},
 issn = {0004-5411},
 pages = {479--513},
 numpages = {35},
 url = {http://doi.acm.org/10.1145/2402.322389},
 doi = {10.1145/2402.322389},
 acmid = {322389},
 publisher = {ACM},
 address = {New York, NY, USA},
}

@inproceedings{Sathe+2001,
 author = {Sathe, Gayatri and Sarawagi, Sunita},
 title = {Intelligent Rollups in Multidimensional OLAP Data},
booktitle = {VLDB},
year = {2001}
}

@article{Sarawagi+2000,
 author = {Sarawagi, Sunita and Sathe, Gayatri},
 title = {i3: Intelligent, Interactive Investigation of OLAP Data Cubes},
 journal = {SIGMOD Rec.},
 issue_date = {June 2000},
 volume = {29},
 number = {2},
 month = may,
 year = {2000},
 issn = {0163-5808},
 pages = {589--},
}




@INPROCEEDINGS{EiterL02,
    author = {Thomas Eiter and Thomas Lukasiewicz},
    title = {Causes and Explanations in the Structural-Model Approach: Tractable Cases},
    booktitle = {UAI},
    year = {2002},
    pages = {146--153},
    publisher = {Morgan Kaufmann}
    }


@article{Thirumuruganathan+2012,
 author = {Thirumuruganathan, Saravanan and Das, Mahashweta and Desai, Shrikant and Amer-Yahia, Sihem and Das, Gautam and Yu, Cong},
 title = {MapRat: meaningful explanation, interactive exploration and geo-visualization of collaborative ratings},
 journal = {Proc. VLDB Endow. (PVLDB)},
 issue_date = {August 2012},
 volume = {5},
 number = {12},
 month = aug,
 year = {2012},
 issn = {2150-8097},
 pages = {1986--1989},
 numpages = {4},
 url = {http://dl.acm.org/citation.cfm?id=2367502.2367554},
 acmid = {2367554},
 publisher = {VLDB Endowment}
}

@article{Das+2012,
  author    = {Mahashweta Das and
               Saravanan Thirumuruganathan and
               Sihem Amer-Yahia and
               Gautam Das and
               Cong Yu},
  title     = {Who Tags What? An Analysis Framework},
  journal   = {Proc. VLDB Endow. (PVLDB)},
  volume    = {5},
  number    = {11},
  year      = {2012},
  pages     = {1567-1578},
  ee        = {http://vldb.org/pvldb/vol5/p1567_mahashwetadas_vldb2012.pdf},
  bibsource = {DBLP, http://dblp.uni-trier.de}
}

@article{Das+2011,
  author    = {Mahashweta Das and
               Sihem Amer-Yahia and
               Gautam Das and
               Cong Yu},
  title     = {MRI: Meaningful Interpretations of Collaborative Ratings},
  journal   = {Proc. VLDB Endow. (PVLDB)},
  volume    = {4},
  number    = {11},
  year      = {2011},
  pages     = {1063-1074},
  ee        = {http://www.vldb.org/pvldb/vol4/p1063-das.pdf},
  bibsource = {DBLP, http://dblp.uni-trier.de}
}


@article{Re+2008,
 author = {R{\'e}, Christopher and Suciu, Dan},
 title = {Approximate lineage for probabilistic databases},
 journal = {Proc. VLDB Endow. (PVLDB)},
 issue_date = {August 2008},
 volume = {1},
 number = {1},
 month = aug,
 year = {2008},
 issn = {2150-8097},
 pages = {797--808},
 numpages = {12},
 url = {http://dl.acm.org/citation.cfm?id=1453856.1453943},
 acmid = {1453943},
 publisher = {VLDB Endowment}
}

@inproceedings{Barman+2007,
  author    = {Dhiman Barman and
               Flip Korn and
               Divesh Srivastava and
               Dimitrios Gunopulos and
               Neal E. Young and
               Deepak Agarwal},
  title     = {Parsimonious Explanations of Change in Hierarchical Data},
  booktitle = {Proceedings of the 23rd International Conference on Data Engineering,
               ({ICDE})},
  pages     = {1273--1275},
  year      = {2007}
}

@inproceedings{Agarwal+2007,
 author = {Agarwal, Deepak and Barman, Dhiman and Gunopulos, Dimitrios and Young, Neal E. and Korn, Flip and Srivastava, Divesh},
 title = {Efficient and effective explanation of change in hierarchical summaries},
 booktitle = {Proceedings of the 13th ACM SIGKDD international conference on Knowledge discovery and data mining},
 series = {KDD '07},
 year = {2007},
 isbn = {978-1-59593-609-7},
 location = {San Jose, California, USA},
 pages = {6--15}
}



@article{Fabbri+2011,
 author = {Fabbri, Daniel and LeFevre, Kristen},
 title = {Explanation-based auditing},
 journal = {Proc. VLDB Endow. (PVLDB)},
 issue_date = {September 2011},
 volume = {5},
 number = {1},
 month = sep,
 year = {2011},
 issn = {2150-8097},
 pages = {1--12},
 numpages = {12},
 url = {http://dl.acm.org/citation.cfm?id=2047485.2047486},
 acmid = {2047486},
 publisher = {VLDB Endowment},
}



@article{Pearl2010,
 author = {Pearl, Judea},
 title = {An Introduction to Causal Inference},
 journal = {The International Journal of Biostatistics},
 volume = {6},
 issue = {2},
 article = {7},
 year = {2010},
 url = {http://www.bepress.com/ijb/vol6/iss2/7},
 }

@article{Tian+2000,
 author = {Tian, Jin and Pearl, Judea},
 title = {Probabilities of causation: Bounds and identification},
 journal = {Annals of Mathematics and Artificial Intelligence},
 issue_date = {2000},
 volume = {28},
 number = {1-4},
 month = jan,
 year = {2000},
 issn = {1012-2443},
 pages = {287--313},
 numpages = {27},
 url = {http://dx.doi.org/10.1023/A:1018912507879},
 doi = {10.1023/A:1018912507879},
 acmid = {590374},
 publisher = {Kluwer Academic Publishers},
 address = {Hingham, MA, USA}
}

@article{Silverstein+2000,
 author = {Silverstein, Craig and Brin, Sergey and Motwani, Rajeev and Ullman, Jeff},
 title = {Scalable Techniques for Mining Causal Structures},
 journal = {Data Min. Knowl. Discov.},
 issue_date = {July 2000},
 volume = {4},
 number = {2-3},
 month = jul,
 year = {2000},
 issn = {1384-5810},
 pages = {163--192},
 numpages = {30},
 url = {http://dx.doi.org/10.1023/A:1009891813863},
 doi = {10.1023/A:1009891813863},
 acmid = {593499},
 publisher = {Kluwer Academic Publishers},
 address = {Hingham, MA, USA},
 keywords = {association rules, causality, data mining, market basket, text mining}
}



@inproceedings{Buneman+2002,
 author = {Buneman, Peter and Khanna, Sanjeev and Tan, Wang-Chiew},
 title = {On propagation of deletions and annotations through views},
 booktitle = {PODS},
 year = {2002},
 pages = {150--158}
}


@inproceedings{HalpernP01,
  author    = {Joseph Y. Halpern and
               Judea Pearl},
  title     = {Causes and Explanations: {A} Structural-Model Approach: Part 1: Causes},
  booktitle = {Proceedings of the 17th Conference in Uncertainty in Artificial
               Intelligence ({UAI})},
  pages     = {194--202},
  year      = {2001}
}

@article{ChocklerH04,
  author    = {Hana Chockler and
               Joseph Y. Halpern},
  title     = {Responsibility and Blame: A Structural-Model Approach},
  journal   = {J. Artif. Intell. Res. (JAIR)},
  volume    = {22},
  year      = {2004},
  pages     = {93-115},
  ee        = {http://dx.doi.org/10.1613/jair.1391},
  bibsource = {DBLP, http://dblp.uni-trier.de}
}



@inproceedings{AmsterdamerDT11,
 author = {Amsterdamer, Yael and Deutch, Daniel and Tannen, Val},
 title = {Provenance for Aggregate Queries},
 booktitle = {Proceedings of the Thirtieth ACM SIGMOD-SIGACT-SIGART Symposium on Principles of Database Systems},
 series = {PODS '11},
 year = {2011},
 isbn = {978-1-4503-0660-7},
 location = {Athens, Greece},
 pages = {153--164},
 numpages = {12},
}




 @inproceedings{GKT07-semirings,
 author = {Green, Todd J. and Karvounarakis, Grigoris and Tannen, Val},
 title = {Provenance Semirings},
 booktitle = {Proceedings of the Twenty-sixth ACM SIGMOD-SIGACT-SIGART Symposium on Principles of Database Systems},
 series = {PODS '07},
 year = {2007},
 isbn = {978-1-59593-685-1},
 location = {Beijing, China},
 pages = {31--40}
}




 @inproceedings{pacer-uai-2013,
  author    = {Michael Pacer and
               Joseph Jay Williams and
               Xi Chen and
               Tania Lombrozo and
               Thomas L. Griffiths},
  title     = {Evaluating computational models of explanation using human judgments},
  booktitle = {Proceedings of the Twenty-Ninth Conference on Uncertainty in Artificial
               Intelligence ({UAI})},
  year      = {2013}
}

@article{chirkova2011materialized,
  author    = {Rada Chirkova and
               Jun Yang},
  title     = {Materialized Views},
  journal   = {Foundations and Trends in Databases},
  volume    = {4},
  number    = {4},
  pages     = {295--405},
  year      = {2012}
}




@article{ahmad2012dbtoaster,
 author = {Ahmad, Yanif and Kennedy, Oliver and Koch, Christoph and Nikolic, Milos},
 title = {DBToaster: Higher-order Delta Processing for Dynamic, Frequently Fresh Views},
 journal = {Proc. VLDB Endow. (PVLDB)},
 issue_date = {June 2012},
 volume = {5},
 number = {10},
 month = jun,
 year = {2012},
 issn = {2150-8097},
 pages = {968--979}
}


@inproceedings{griffin1995incremental,
  author    = {Timothy Griffin and
               Leonid Libkin},
  title     = {Incremental Maintenance of Views with Duplicates},
  booktitle = {{ACM} {SIGMOD} International Conference on
               Management of Data, SIGMOD'95},
  pages     = {328--339},
  year      = {1995}
}

@inproceedings{gupta1993maintaining,
  title={Maintaining views incrementally},
  author={Gupta, Ashish and Mumick, Inderpal Singh and Subrahmanian, Venkatramanan Siva},
  booktitle={ACM SIGMOD Record},
  volume={22},
  number={2},
  pages={157--166},
  year={1993}
}


@inproceedings{blakeley1986efficiently,
 author = {Blakeley, Jose A. and Larson, Per-Ake and Tompa, Frank Wm},
 title = {Efficiently Updating Materialized Views},
 journal = {SIGMOD Rec.},
 issue_date = {June 1986},
 volume = {15},
 number = {2},
 month = jun,
 year = {1986},
 issn = {0163-5808},
 pages = {61--71}
}

@article{Roussopoulos91,
 author = {Roussopoulos, Nicholas},
 title = {An Incremental Access Method for ViewCache: Concept, Algorithms, and Cost Analysis},
 journal = {ACM Trans. Database Syst.},
 issue_date = {Sept. 1991},
 volume = {16},
 number = {3},
 month = sep,
 year = {1991},
 issn = {0362-5915},
 pages = {535--563}
}


@inproceedings{Colby+96,
 author = {Colby, Latha S. and Griffin, Timothy and Libkin, Leonid and Mumick, Inderpal Singh and Trickey, Howard},
 title = {Algorithms for Deferred View Maintenance},
 booktitle = {Proceedings of the 1996 ACM SIGMOD International Conference on Management of Data},
 series = {SIGMOD '96},
 year = {1996},
 isbn = {0-89791-794-4},
 location = {Montreal, Quebec, Canada},
 pages = {469--480}
}


@inproceedings{Katsis+15,
 author = {Katsis, Yannis and Ong, Kian Win and Papakonstantinou, Yannis and Zhao, Kevin Keliang},
 title = {Utilizing IDs to Accelerate Incremental View Maintenance},
 booktitle = {Proceedings of the 2015 ACM SIGMOD International Conference on Management of Data},
 series = {SIGMOD '15},
 year = {2015},
 isbn = {978-1-4503-2758-9},
 location = {Melbourne, Victoria, Australia},
 pages = {1985--2000}
}



@inproceedings{Nigam+11,
 author = {Nigam, Vivek and Jia, Limin and Thau Loo, Boon and Scedrov, Andre},
 title = {Maintaining Distributed Logic Programs Incrementally},
 booktitle = {Proceedings of the 13th International ACM SIGPLAN Symposium on Principles and Practices of Declarative Programming},
 series = {PPDP '11},
 year = {2011},
 isbn = {978-1-4503-0776-5},
 location = {Odense, Denmark},
 pages = {125--136}
}



@inproceedings{AbiteboulDV14,
  author    = {Serge Abiteboul and
               Daniel Deutch and
               Victor Vianu},
  title     = {Deduction with Contradictions in Datalog},
  booktitle = {Proc. 17th International Conference on Database Theory},
 series = {ICDT '14},
  pages     = {143--154},
  year      = {2014}
}



@book{hume1748,
  address = {Indianapolis, IN},
  author = {Hume, David},
  publisher = {Hackett},
  title = {An enquiry concerning human understanding},
  year = {1748},
}

@article{hitchcock2001,
  title = {The intransitivity of causation revealed in equations and
  graphs},
  author = {Hitchcock, Christopher},
  journal = {Journal of Philosophy},
  volume = {XCVIII},
  number = {6},
  pages = {273--299},
}

@article{hitchcock2007,
  title = {Prevention, preemption, and the principle of sufficient reason},
  author = {Hitchcock, Christopher},
  journal = {Philosophical Review},
  volume = {116},
  pages = {495--532},
}

@book{woodward2003,
  title={Making Things Happen: A Theory of Causal Explanation},
  author={Woodward, James},
  series={Oxford scholarship online},
  year={2003},
  publisher={Oxford University Press},
}


@article{Lamport78,
 author = {Lamport, Leslie},
 title = {Time, Clocks, and the Ordering of Events in a Distributed System},
 journal = {Commun. ACM},
 issue_date = {July 1978},
 volume = {21},
 number = {7},
 month = jul,
 year = {1978},
 issn = {0001-0782},
 pages = {558--565},
 numpages = {8},
 url = {http://doi.acm.org/10.1145/359545.359563},
 doi = {10.1145/359545.359563},
 acmid = {359563},
 publisher = {ACM},
 address = {New York, NY, USA},
 keywords = {clock synchronization, computer networks, distributed systems, multiprocess systems}
}




@inproceedings{MaierTOJ10,
  author    = {Marc E. Maier and
               Brian J. Taylor and
               Huseyin Oktay and
               David Jensen},
  title     = {Learning Causal Models of Relational Domains},
  booktitle = {Proceedings of the Twenty-Fourth {AAAI} Conference on Artificial Intelligence,
               (AAAI)},
  year      = {2010}
}


@book{hume1896treatise,
  title={A Treatise of Human Nature},
  author={Hume, Ddavid and Selby-Bigge, Lewis Amherst},
  series={A Treatise of Human Nature},
  year={1896},
  publisher={Clarendon Press},
}


    @inproceedings{DBLP:journals/corr/abs-1006-1429,
  author    = {James Cheney},
  title     = {Causality and the Semantics of Provenance},
  booktitle = {Proceedings Sixth Workshop on Developments in Computational Models:
               Causality, Computation, and Physics, (DCM)},
  pages     = {63--74},
  year      = {2010}
}



    @article{DBLP:journals/ftdb/CheneyCT09,
author = {Cheney, James and Chiticariu, Laura and Tan, Wang-Chiew},
 title = {Provenance in Databases: Why, How, and Where},
 journal = {Foundations and Trends in Databases},
 volume = {1},
 number = {4},
 year = {2009},
 issn = {1931-7883},
 pages = {379--474},
 numpages = {96}
}




    @article{DBLP:journals/tods/CuiWW00,
  author    = {Yingwei Cui and
               Jennifer Widom and
               Janet L. Wiener},
  title     = {Tracing the lineage of view data in a warehousing environment},
  journal   = {{ACM} Trans. Database Syst.},
  volume    = {25},
  number    = {2},
  pages     = {179--227},
  year      = {2000}
}



    @article{DBLP:journals/pvldb/HuangCDN08,
  author    = {Jiansheng Huang and
               Ting Chen and
               AnHai Doan and
               Jeffrey F. Naughton},
  title     = {On the provenance of non-answers to queries over extracted data},
  journal   = {{Proc. VLDB Endow. (PVLDB)}},
  volume    = {1},
  number    = {1},
  pages     = {736--747},
  year      = {2008}
}



    @article{DBLP:journals/pvldb/HerschelHT09,
  author    = {Melanie Herschel and
               Mauricio A. Hern{\'{a}}ndez and
               Wang Chiew Tan},
  title     = {Artemis: {A} System for Analyzing Missing Answers},
  journal   = {{Proc. VLDB Endow. (PVLDB)}},
  volume    = {2},
  number    = {2},
  pages     = {1550--1553},
  year      = {2009}
}


@article{DBLP:journals/pvldb/HerschelH10,
    Author = {Melanie Herschel and Mauricio A. Hern{\'a}ndez},
    Bibsource = {DBLP, http://dblp.uni-trier.de},
    Ee = {http://www.comp.nus.edu.sg/$\sim$vldb2010/proceedings/files/papers/R16.pdf},
    Journal = {Proc. VLDB Endow. (PVLDB)},
    Number = {1},
    Pages = {185-196},
    Title = {Explaining Missing Answers to {SPJUA} Queries},
    Volume = {3},
    Year = {2010}}


		
		
@inproceedings{DBLP:conf/sigmod/ChapmanJ09,
 author = {Chapman, Adriane and Jagadish, H. V.},
 title = {Why Not?},
 booktitle = {Proceedings of the 2009 ACM SIGMOD International Conference on Management of Data},
 series = {SIGMOD '09},
 year = {2009},
 isbn = {978-1-60558-551-2},
 location = {Providence, Rhode Island, USA},
 pages = {523--534}
}



@inproceedings{DBLP:conf/sigmod/TranC10,
 author = {Tran, Quoc Trung and Chan, Chee-Yong},
 title = {How to ConQueR Why-not Questions},
 booktitle = {Proceedings of the 2010 ACM SIGMOD International Conference on Management of Data},
 series = {SIGMOD '10},
 year = {2010},
 isbn = {978-1-4503-0032-2},
 location = {Indianapolis, Indiana, USA},
 pages = {15--26}
}

		
@inproceedings{DBLP:conf/pods/BunemanKT02,
 author = {Buneman, Peter and Khanna, Sanjeev and Tan, Wang-Chiew},
 title = {On Propagation of Deletions and Annotations Through Views},
 booktitle = {Proceedings of the Twenty-first ACM SIGMOD-SIGACT-SIGART Symposium on Principles of Database Systems},
 series = {PODS '02},
 year = {2002},
 isbn = {1-58113-507-6},
 location = {Madison, Wisconsin},
 pages = {150--158}
}
		
		@article{cong2010,
 author = {Cong, Gao and Fan, Wenfei and Geerts, Floris and Li, Jianzhong and Luo, Jizhou},
 title = {On the Complexity of View Update Analysis and Its Application to Annotation Propagation},
 journal = {IEEE Trans. on Knowl. and Data Eng.},
 issue_date = {March 2012},
 volume = {24},
 number = {3},
 month = mar,
 year = {2012},
 issn = {1041-4347},
 pages = {506--519}
}

		
		
@misc{Menzies:Causation2008,
    Author = {Peter Menzies},
    Date-Added = {2009-11-28 17:00:56 -0800},
    Date-Modified = {2009-11-28 17:01:53 -0800},
    Howpublished = {Stanford Encylopedia of Philosophy},
    Title = {Counterfactual Theories of Causation},
    Year = {2008}}
		
		
@article{Lewis1973,
    Author = {Lewis, David},
    Journal = {The Journal of Philosophy},
    Keywords = {causality, metaphysics, philosophy},
    Number = {17},
    Pages = {556--567},
    Title = {Causation},
    Url = {http://dx.doi.org/10.2307/2025310},
    Volume = {70},
    Year = {1973},
    Bdsk-Url-1 = {http://dx.doi.org/10.2307/2025310}}

		
@article{HalpernPearl:Cause2005,
    Author = {Joseph Y. Halpern and Judea Pearl},
    Date-Added = {2009-11-26 23:02:27 -0800},
    Date-Modified = {2010-06-28 14:20:55 -0700},
    Journal = {Brit.\ J.\ Phil.\ Sci.},
    Note = {(Conference version in \emph{{UAI}} 2001)},
    Pages = {843-887},
    Title = {Causes and Explanations: A structural-model Approach. {P}art {I}: Causes},
    Volume = {56},
    Year = {2005}}
		
@article{DEBulletin2010,
    Author = {Alexandra Meliou and Wolfgang Gatterbauer and Joseph Halpern and Christoph Koch and Katherine F. Moore and Dan Suciu},
    Journal = {IEEE Data Engineering Bulletin},
    Month = {Sept.},
    Title = {Causality in Databases},
    Year = {2010}}

@inproceedings{MUD2010,
  author    = {Alexandra Meliou and
               Wolfgang Gatterbauer and
               Katherine F. Moore and
               Dan Suciu},
  title     = {{WHY} SO? or {WHY} NO? Functional Causality for Explaining Query Answers},
  booktitle = {Proceedings of the Fourth International {VLDB} workshop on Management
               of Uncertain Data {(MUD} 2010) in conjunction with {VLDB} 2010},
  pages     = {3--17},
  year      = {2010}
}
		
		
@misc{CausalityWorkshop:2009,
    Date-Added = {2009-11-28 11:02:07 -0800},
    Date-Modified = {2010-06-28 14:20:00 -0700},
    Howpublished = {IRIT, Toulouse},
    Key = {zzz},
    Month = {June},
    Note = {(\url{www.irit.fr/MICRAC/colloque/articles/extended_abstract_Micrac.pdf})},
    Title = {International Multidisciplinary Workshop on Causality},
    Year = {2009}}

@article{DBLP:journals/ai/EiterL02,
    Author = {Thomas Eiter and Thomas Lukasiewicz},
    Bibsource = {DBLP, http://dblp.uni-trier.de},
    Date-Added = {2009-11-28 22:39:35 -0800},
    Date-Modified = {2010-06-28 14:20:43 -0700},
    Journal = {Artif. Intell.},
    Note = {(Conference version in \emph{IJCAI}, 2002)},
    Number = {1},
    Pages = {53-89},
    Title = {Complexity results for structure-based causality},
    Volume = {142},
    Year = {2002},
    Bdsk-Url-1 = {http://dx.doi.org/10.1016/S0004-3702(02)00271-0}}

    @inproceedings{RattiganMJ11,
  author    = {Matthew J. Rattigan and
               Marc E. Maier and
               David Jensen},
  title     = {Relational Blocking for Causal Discovery},
  booktitle = {Proceedings of the Twenty-Fifth {AAAI} Conference on Artificial Intelligence,
               ({AAAI})},
  year      = {2011}
}




@inproceedings{Buneman07,
 author = {Buneman, Peter and Tan, Wang-Chiew},
 title = {Provenance in Databases},
 booktitle = {SIGMOD},
 year = {2007},
 isbn = {978-1-59593-686-8},
 location = {Beijing, China},
 pages = {1171--1173},
 numpages = {3},
 url = {http://doi.acm.org.offcampus.lib.washington.edu/10.1145/1247480.1247646},
 doi = {10.1145/1247480.1247646},
 acmid = {1247646},
 publisher = {ACM},
 address = {New York, NY, USA},
 keywords = {data provenance, lineage}
}


@inproceedings{KimelfeldVW11,
 author = {Kimelfeld, Benny and Vondr\'{a}k, Jan and Williams, Ryan},
 title = {Maximizing Conjunctive Views in Deletion Propagation},
 booktitle = {Proceedings of the Thirtieth ACM SIGMOD-SIGACT-SIGART Symposium on Principles of Database Systems},
 series = {PODS '11},
 year = {2011},
 isbn = {978-1-4503-0660-7},
 location = {Athens, Greece},
 pages = {187--198}
}


@inproceedings{DBLP:conf/icdt/BunemanKT01,
 author = {Buneman, Peter and Khanna, Sanjeev and Tan, Wang Chiew},
 title = {Why and Where: A Characterization of Data Provenance},
 booktitle = {Proc. 8th International Conference on Database Theory},
 series = {ICDT '01},
 year = {2001},
 isbn = {3-540-41456-8},
 pages = {316--330}
}


@article{clauset-2015,
    Author = {Aaron Clauset and Samuel Arbesman and  Daniel Larremore},
    Journal = {Science Advances},
    Pages = {1-6},
    Title = {Systematic inequality and hierarchy in faculty hiring networks},
    Number = {1},
    Volume = {1},
    Year = {2015}}


@book{Spirtes:book01,
  title={Causation, Prediction and Search},
  author={Peter Spirtes, Clark Glymour and Richard Scheines},
  year={2001},
  publisher={MIT Press}
}


@phdthesis{neyman1923,
title   = {{On the Application of Probability Theory to Agricul-
tural Experiments. Essay on Principles. Section 9}},
author  = {Jerzy Neyman},
school  = {Roczniki Nauk Rolniczych Tom X [in Polish]},
year    = {1923},
note    = {translated in Statistical Science, 5, page 465-480}
}



@article{HalpernPearl:Cause2005,
	Author = {Joseph Y. Halpern and Judea Pearl},
	Date-Added = {2009-11-26 23:02:27 -0800},
	Date-Modified = {2010-06-28 14:20:55 -0700},
	Journal = {Brit.\ J.\ Phil.\ Sci.},
	Note = {(Conference version in \emph{UAI}, 2001)},
	Pages = {843-887},
	Title = {Causes and Explanations: A structural-model Approach. {P}art {I}: Causes},
	Volume = {56},
	Year = {2005}}



@article{DBLP:journals/jair/ChocklerH04,
	Author = {Hana Chockler and Joseph Y. Halpern},
	Bibsource = {DBLP, http://dblp.uni-trier.de},
	Date-Added = {2009-11-28 10:53:36 -0800},
	Date-Modified = {2009-11-28 10:53:36 -0800},
	Journal = {J. Artif. Intell. Res. (JAIR)},
	Pages = {93-115},
	Title = {Responsibility and Blame: A Structural-Model Approach},
	Volume = {22},
	Year = {2004},
	Bdsk-Url-1 = {http://www.cs.washington.edu/research/jair/abstracts/chockler04a.html}}

@article{Eiter:2006p86,
	Annote = {Tractable cases:
	- causal trees with bounded arity (defined as fan-in)
	- decomposable graphs but only given the decomposition, which is not computable in ptime. So in general not a tractable case just given the CN as input
	- layered causal graphs (need to look into this one)},
	Author = {Thomas Eiter and Thomas Lukasiewicz},
	Date-Added = {2009-12-16 01:07:27 -0800},
	Date-Modified = {2010-01-13 10:43:32 -0800},
	Journal = {Artif. Intell.},
	Keywords = {causality},
	Local-Url = {file://localhost/Users/ameli/Documents/Papers/E/2006-Eiter-Causes%20and%20explanations%20in%20the-1.pdf},
	Number = {6-7},
	Pages = {542--580},
	Pmid = {17302199193764821899related:i_tm6X7CHfAJ},
	Rating = {0},
	Read = {Yes},
	Title = {Causes and explanations in the structural-model approach: Tractable cases},
	Uri = {papers://31D9813B-B1E4-48D9-AEF3-96C3BF76606F/Paper/p86},
	Url = {http://www.google.com/search?client=safari&rls=en-us&q=Causes+and+explanations+in+the+structural-model+approach:+Tractable+cases&ie=UTF-8&oe=UTF-8},
	Volume = {170},
	Year = {2006},
	Bdsk-Url-1 = {http://www.google.com/search?client=safari&rls=en-us&q=Causes+and+explanations+in+the+structural-model+approach:+Tractable+cases&ie=UTF-8&oe=UTF-8}}


@book{lise:ben:book:2007,
  title={Introduction to Statistical Relational Learning},
  author={Lise Getoor and Ben Taskar},
  year={2007},
  publisher={MIT Press}
}

@article{DBLP:journals/cacm/Russell15,
  author    = {Stuart J. Russell},
  title     = {Unifying logic and probability},
  journal   = {Commun. {ACM}},
  volume    = {58},
  number    = {7},
  pages     = {88--97},
  year      = {2015},
  url       = {http://doi.acm.org/10.1145/2699411},
  doi       = {10.1145/2699411},
  timestamp = {Sun, 26 Jul 2015 17:09:40 +0200},
  biburl    = {http://dblp.uni-trier.de/rec/bib/journals/cacm/Russell15},
  bibsource = {dblp computer science bibliography, http://dblp.org}
}


@inproceedings{BroeckSuciu:UAI2014tutorial,
	Author = {Guy Van den Broeck and Dan Suciu},
	Booktitle = {UAI tutorials},
	Date-Added = {2014-07-20 05:18:22 +0000},
	Date-Modified = {2014-07-20 05:18:53 +0000},
	Note = {(to appear).},
	Title = {Lifted Probabilistic Inference in Relational Models},
	Year = {2014}}



@article{DBLP:journals/debu/GribkoffSB14,
  author    = {Eric Gribkoff and
               Dan Suciu and
               Guy Van den Broeck},
  title     = {Lifted Probabilistic Inference: {A} Guide for the Database Researcher},
  journal   = {{IEEE} Data Eng. Bull.},
  volume    = {37},
  number    = {3},
  pages     = {6--17},
  year      = {2014},
  url       = {http://sites.computer.org/debull/A14sept/p6.pdf},
  timestamp = {Wed, 15 Oct 2014 20:48:39 +0200},
  biburl    = {http://dblp.uni-trier.de/rec/bib/journals/debu/GribkoffSB14},
  bibsource = {dblp computer science bibliography, http://dblp.org}
}

@book{DBLP:books/mk/BunemanSA99,
  author    = {Serge Abiteboul and
               Peter Buneman and
               Dan Suciu},
  title     = {Data on the Web: From Relations to Semistructured Data and {XML}},
  publisher = {Morgan Kaufmann},
  year      = {1999},
  isbn      = {1-55860-622-X},
  timestamp = {Thu, 03 Jan 2002 11:51:30 +0100},
  biburl    = {http://dblp.uni-trier.de/rec/bib/books/mk/BunemanSA99},
  bibsource = {dblp computer science bibliography, http://dblp.org}
}


@inproceedings{DBLP:conf/pods/BeameKS14,
  author    = {Paul Beame and
               Paraschos Koutris and
               Dan Suciu},
  title     = {Skew in parallel query processing},
  booktitle = {Proceedings of the 33rd {ACM} {SIGMOD-SIGACT-SIGART} Symposium on
               Principles of Database Systems, PODS'14, Snowbird, UT, USA, June 22-27,
               2014},
  pages     = {212--223},
  year      = {2014},
  url       = {http://doi.acm.org/10.1145/2594538.2594558},
  doi       = {10.1145/2594538.2594558},
  timestamp = {Sun, 22 Jun 2014 11:31:00 +0200},
  biburl    = {http://dblp.uni-trier.de/rec/bib/conf/pods/BeameKS14},
  bibsource = {dblp computer science bibliography, http://dblp.org}
}

@article{DBLP:journals/jcss/MiklauS07,
  author    = {Gerome Miklau and
               Dan Suciu},
  title     = {A formal analysis of information disclosure in data exchange},
  journal   = {J. Comput. Syst. Sci.},
  volume    = {73},
  number    = {3},
  pages     = {507--534},
  year      = {2007},
  url       = {http://dx.doi.org/10.1016/j.jcss.2006.10.004},
  doi       = {10.1016/j.jcss.2006.10.004},
  timestamp = {Tue, 17 Apr 2007 09:46:42 +0200},
  biburl    = {http://dblp.uni-trier.de/rec/bib/journals/jcss/MiklauS07},
  bibsource = {dblp computer science bibliography, http://dblp.org}
}

@misc{wikipedia:rubin:causality,
    key = {ZZZZ},
    Title = {Rubin causal model},
    note   = {\url{https://en.wikipedia.org/wiki/Rubin_causal_model}}}


@inproceedings{DBLP:conf/aaai/PearlV87,
  author    = {Judea Pearl and
               Thomas Verma},
  title     = {The Logic of Representing Dependencies by Directed Graphs},
  booktitle = {Proceedings of the 6th National Conference on Artificial Intelligence.
               Seattle, WA, July 1987.},
  pages     = {374--379},
  year      = {1987},
  url       = {http://www.aaai.org/Library/AAAI/1987/aaai87-067.php},
  timestamp = {Wed, 12 Dec 2012 15:08:20 +0100},
  biburl    = {http://dblp.uni-trier.de/rec/bib/conf/aaai/PearlV87},
  bibsource = {dblp computer science bibliography, http://dblp.org}
}

@article{DBLP:journals/ipl/GyssensNG14,
  author    = {Marc Gyssens and
               Mathias Niepert and
               Dirk Van Gucht},
  title     = {On the completeness of the semigraphoid axioms for deriving arbitrary
               from saturated conditional independence statements},
  journal   = {Inf. Process. Lett.},
  volume    = {114},
  number    = {11},
  pages     = {628--633},
  year      = {2014},
  url       = {http://dx.doi.org/10.1016/j.ipl.2014.05.010},
  doi       = {10.1016/j.ipl.2014.05.010},
  timestamp = {Mon, 21 Jul 2014 12:51:33 +0200},
  biburl    = {http://dblp.uni-trier.de/rec/bib/journals/ipl/GyssensNG14},
  bibsource = {dblp computer science bibliography, http://dblp.org}
}

@book{studeny:2003,
  title={Probabilistic COnditional Independence Structures},
  author={Milan Studen\'y},
  year={2003},
  publisher={Springer}
}

@book{DBLP:books/cu/ArenasBLM2014,
  author    = {Marcelo Arenas and
               Pablo Barcel{\'{o}} and
               Leonid Libkin and
               Filip Murlak},
  title     = {Foundations of Data Exchange},
  publisher = {Cambridge University Press},
  year      = {2014},
  url       = {http://www.cambridge.org/9781107016163},
  isbn      = {9781107016163},
  timestamp = {Fri, 21 Mar 2014 12:07:30 +0100},
  biburl    = {http://dblp.uni-trier.de/rec/bib/books/cu/ArenasBLM2014},
  bibsource = {dblp computer science bibliography, http://dblp.org}
}


@inproceedings{DBLP:conf/sigmod/Fagin79,
  author    = {Ronald Fagin},
  title     = {Normal Forms and Relational Database Operators},
  booktitle = {{ACM} {SIGMOD} International Conference on
               Management of Data, SIGMOD'79},
  pages     = {153--160},
  year      = {1979},
  url       = {http://doi.acm.org/10.1145/582095.582120},
  doi       = {10.1145/582095.582120},
  timestamp = {Fri, 14 Sep 2012 11:55:43 +0200},
  biburl    = {http://dblp.uni-trier.de/rec/bib/conf/sigmod/Fagin79},
  bibsource = {dblp computer science bibliography, http://dblp.org}
}


@inproceedings{DBLP:conf/icdt/DarwenDF12,
  author    = {Hugh Darwen and
               C. J. Date and
               Ronald Fagin},
  title     = {A normal form for preventing redundant tuples in relational databases},
  booktitle = {15th International Conference on Database Theory, {ICDT} '12, Berlin,
               Germany, March 26-29, 2012},
  pages     = {114--126},
  year      = {2012},
  url       = {http://doi.acm.org/10.1145/2274576.2274589},
  doi       = {10.1145/2274576.2274589},
  timestamp = {Fri, 15 Jun 2012 15:21:42 +0200},
  biburl    = {http://dblp.uni-trier.de/rec/bib/conf/icdt/DarwenDF12},
  bibsource = {dblp computer science bibliography, http://dblp.org}
}


@article{DBLP:journals/isci/Malvestuto92,
  author    = {Francesco M. Malvestuto},
  title     = {A unique formal system for binary decompositions of database relations,
               probability distributions, and graphs},
  journal   = {Inf. Sci.},
  volume    = {59},
  number    = {1-2},
  pages     = {21--52},
  year      = {1992},
  url       = {http://dx.doi.org/10.1016/0020-0255(92)90042-7},
  doi       = {10.1016/0020-0255(92)90042-7},
  timestamp = {Thu, 27 May 2004 13:45:54 +0200},
  biburl    = {http://dblp.uni-trier.de/rec/bib/journals/isci/Malvestuto92},
  bibsource = {dblp computer science bibliography, http://dblp.org}
}

@article{DBLP:journals/amai/GeigerP90,
  author    = {Dan Geiger and
               Judea Pearl},
  title     = {Logical and algorithmic properties of independence and their application
               to Bayesian networks},
  journal   = {Ann. Math. Artif. Intell.},
  volume    = {2},
  pages     = {165--178},
  year      = {1990},
  url       = {http://dx.doi.org/10.1007/BF01531004},
  doi       = {10.1007/BF01531004},
  timestamp = {Wed, 18 May 2011 16:17:26 +0200},
  biburl    = {http://dblp.uni-trier.de/rec/bib/journals/amai/GeigerP90},
  bibsource = {dblp computer science bibliography, http://dblp.org}
}


@article{DBLP:journals/ai/NiepertGSG13,
  author    = {Mathias Niepert and
               Marc Gyssens and
               Bassem Sayrafi and
               Dirk Van Gucht},
  title     = {On the conditional independence implication problem: {A} lattice-theoretic
               approach},
  journal   = {Artif. Intell.},
  volume    = {202},
  pages     = {29--51},
  year      = {2013},
  url       = {http://dx.doi.org/10.1016/j.artint.2013.06.005},
  doi       = {10.1016/j.artint.2013.06.005},
  timestamp = {Thu, 25 Jul 2013 12:58:09 +0200},
  biburl    = {http://dblp.uni-trier.de/rec/bib/journals/ai/NiepertGSG13},
  bibsource = {dblp computer science bibliography, http://dblp.org}
}

@article{DBLP:journals/iandc/Herrmann95,
  author    = {Christian Herrmann},
  title     = {On the Undecidability of Implications Between Embedded Multivalued
               Database Dependencies},
  journal   = {Inf. Comput.},
  volume    = {122},
  number    = {2},
  pages     = {221--235},
  year      = {1995},
  url       = {http://dx.doi.org/10.1006/inco.1995.1148},
  doi       = {10.1006/inco.1995.1148},
  timestamp = {Wed, 06 Jul 2011 21:24:03 +0200},
  biburl    = {http://dblp.uni-trier.de/rec/bib/journals/iandc/Herrmann95},
  bibsource = {dblp computer science bibliography, http://dblp.org}
}


@article{DBLP:journals/jacm/ArenasL05,
  author    = {Marcelo Arenas and
               Leonid Libkin},
  title     = {An information-theoretic approach to normal forms for relational and
               {XML} data},
  journal   = {J. {ACM}},
  volume    = {52},
  number    = {2},
  pages     = {246--283},
  year      = {2005},
  url       = {http://doi.acm.org/10.1145/1059513.1059519},
  doi       = {10.1145/1059513.1059519},
  timestamp = {Thu, 09 Feb 2006 13:34:10 +0100},
  biburl    = {http://dblp.uni-trier.de/rec/bib/journals/jacm/ArenasL05},
  bibsource = {dblp computer science bibliography, http://dblp.org}
}

@inproceedings{DBLP:conf/stoc/Vardi82,
  author    = {Moshe Y. Vardi},
  title     = {The Complexity of Relational Query Languages (Extended Abstract)},
  booktitle = {Proceedings of the 14th Annual {ACM} Symposium on Theory of Computing,
               May 5-7, 1982, San Francisco, California, {USA}},
  pages     = {137--146},
  year      = {1982},
  url       = {http://doi.acm.org/10.1145/800070.802186},
  doi       = {10.1145/800070.802186},
  timestamp = {Mon, 15 Jun 2015 19:00:08 +0200},
  biburl    = {http://dblp.uni-trier.de/rec/bib/conf/stoc/Vardi82},
  bibsource = {dblp computer science bibliography, http://dblp.org}
}


@InProceedings{getoor:kdd13-tutorial,
  author       = "Getoor, Lise and Machanavajjhala, Ashwin",
  title        = "Tutorial on Entity Resolution in Big Data",
  booktitle    = "ACM SIGKDD International Conference on Knowledge Discovery and Data Mining, KDD'13",
  pages     = "1527",
  year         = "2013",
}



@article{DBLP:journals/pvldb/GetoorM12,
  author    = {Lise Getoor and
               Ashwin Machanavajjhala},
  title     = {Entity Resolution: Theory, Practice {\&}amp; Open Challenges},
  journal   = {{PVLDB}},
  volume    = {5},
  number    = {12},
  pages     = {2018--2019},
  year      = {2012},
  url       = {http://vldb.org/pvldb/vol5/p2018_lisegetoor_vldb2012.pdf},
  timestamp = {Tue, 21 Aug 2012 07:41:43 +0200},
  biburl    = {http://dblp.uni-trier.de/rec/bib/journals/pvldb/GetoorM12},
  bibsource = {dblp computer science bibliography, http://dblp.org}
}

@inproceedings{DBLP:conf/kr/BroeckMD14,
  author    = {Guy Van den Broeck and
               Wannes Meert and
               Adnan Darwiche},
  title     = {Skolemization for Weighted First-Order Model Counting},
  booktitle = {Principles of Knowledge Representation and Reasoning: Proceedings
               of the Fourteenth International Conference, {KR} 2014, Vienna, Austria,
               July 20-24, 2014},
  year      = {2014},
  url       = {http://www.aaai.org/ocs/index.php/KR/KR14/paper/view/8012},
  timestamp = {Thu, 31 Jul 2014 10:35:22 +0200},
  biburl    = {http://dblp.uni-trier.de/rec/bib/conf/kr/BroeckMD14},
  bibsource = {dblp computer science bibliography, http://dblp.org}
}

@article{DBLP:journals/debu/BhattacharyaG06,
  author    = {Indrajit Bhattacharya and
               Lise Getoor},
  title     = {Collective Entity Resolution In Relational Data},
  journal   = {{IEEE} Data Eng. Bull.},
  volume    = {29},
  number    = {2},
  pages     = {4--12},
  year      = {2006},
  url       = {ftp://ftp.research.microsoft.com/pub/debull/A06June/bhattacharya1.ps},
  timestamp = {Fri, 01 Sep 2006 12:46:01 +0200},
  biburl    = {http://dblp.uni-trier.de/rec/bib/journals/debu/BhattacharyaG06},
  bibsource = {dblp computer science bibliography, http://dblp.org}
}

@inproceedings{DBLP:conf/icde/ArasuRS09,
  author    = {Arvind Arasu and
               Christopher R{\'{e}} and
               Dan Suciu},
  title     = {Large-Scale Deduplication with Constraints Using Dedupalog},
  booktitle = {Proceedings of the 25th International Conference on Data Engineering,
               {ICDE} 2009, March 29 2009 - April 2 2009, Shanghai, China},
  pages     = {952--963},
  year      = {2009},
  url       = {http://dx.doi.org/10.1109/ICDE.2009.43},
  doi       = {10.1109/ICDE.2009.43},
  timestamp = {Sat, 09 Aug 2014 14:37:16 +0200},
  biburl    = {http://dblp.uni-trier.de/rec/bib/conf/icde/ArasuRS09},
  bibsource = {dblp computer science bibliography, http://dblp.org}
}


@book{DBLP:books/cs/Ullman89,
  author    = {Jeffrey D. Ullman},
  title     = {Principles of Database and Knowledge-Base Systems, Volume {II}},
  publisher = {Computer Science Press},
  year      = {1989},
  isbn      = {0-7167-8162-X},
  timestamp = {Thu, 03 Jan 2002 11:51:12 +0100},
  biburl    = {http://dblp.uni-trier.de/rec/bib/books/cs/Ullman89},
  bibsource = {dblp computer science bibliography, http://dblp.org}
}


@article{DBLP:journals/tkdd/BhattacharyaG07,
  author    = {Indrajit Bhattacharya and
               Lise Getoor},
  title     = {Collective entity resolution in relational data},
  journal   = {{TKDD}},
  volume    = {1},
  number    = {1},
  year      = {2007},
  url       = {http://doi.acm.org/10.1145/1217299.1217304},
  doi       = {10.1145/1217299.1217304},
  timestamp = {Tue, 23 Oct 2007 11:45:46 +0200},
  biburl    = {http://dblp.uni-trier.de/rec/bib/journals/tkdd/BhattacharyaG07},
  bibsource = {dblp computer science bibliography, http://dblp.org}
}


@inproceedings{DBLP:conf/sigmod/ChaudhuriMN99,
  author    = {Surajit Chaudhuri and
               Rajeev Motwani and
               Vivek R. Narasayya},
  title     = {On Random Sampling over Joins},
  booktitle = {{ACM} {SIGMOD} International Conference
               on Management of Data, SIGMOD'99},
  pages     = {263--274},
  year      = {1999},
  url       = {http://doi.acm.org/10.1145/304182.304206},
  doi       = {10.1145/304182.304206},
  timestamp = {Mon, 09 Dec 2013 17:20:14 +0100},
  biburl    = {http://dblp.uni-trier.de/rec/bib/conf/sigmod/ChaudhuriMN99},
  bibsource = {dblp computer science bibliography, http://dblp.org}
}


@InProceedings{udrea:sigmod07,
  author       = "Udrea, Octavian and Getoor, Lise and Miller, Renee",
  title        = "Leveraging Data and Structure in Ontology Integration",
  booktitle    = "Proceedings of ACM-SIGMOD 2007 International Conference on Management",
  pages        = "449--460",
  year         = "2007",
}

@InProceedings{pujara:iswc13,
  author       = "Pujara, Jay and Miao, Hui and Getoor, Lise and Cohen, William",
  title        = "Knowledge Graph Identification",
  booktitle    = "International Semantic Web Conference (ISWC)",
  year         = "2013"
}

@misc{grohe-book,
  author = {Martin Grohe},
  title = {Descriptive Complexity, Canonisation, and Definable Graph Structure Theory},
  Note = {Book (Manuscript)},
  Year = {2013}}


@inproceedings{DBLP:conf/icml/ToulisK13,
  author    = {Panos Toulis and
               Edward K. Kao},
  title     = {Estimation of Causal Peer Influence Effects},
  booktitle = {Proceedings of the 30th International Conference on Machine Learning,
               {ICML} 2013, Atlanta, GA, USA, 16-21 June 2013},
  pages     = {1489--1497},
  year      = {2013},
  url       = {http://jmlr.org/proceedings/papers/v28/toulis13.html},
  timestamp = {Thu, 11 Sep 2014 07:28:55 +0200},
  biburl    = {http://dblp.uni-trier.de/rec/bib/conf/icml/ToulisK13},
  bibsource = {dblp computer science bibliography, http://dblp.org}
}


@inproceedings{DBLP:conf/sigmod/MeliouS12,
  author    = {Alexandra Meliou and
               Dan Suciu},
  title     = {Tiresias: the database oracle for how-to queries},
  booktitle = {Proceedings of the {ACM} {SIGMOD} International Conference on Management
               of Data, {SIGMOD} 2012, Scottsdale, AZ, USA, May 20-24, 2012},
  pages     = {337--348},
  year      = {2012},
  url       = {http://doi.acm.org/10.1145/2213836.2213875},
  doi       = {10.1145/2213836.2213875},
  timestamp = {Thu, 20 Dec 2012 18:31:31 +0100},
  biburl    = {http://dblp.uni-trier.de/rec/bib/conf/sigmod/MeliouS12},
  bibsource = {dblp computer science bibliography, http://dblp.org}
}

@Misc{faa-sfo,
  author =    {FAA},
  title =     {Simultaneous Close Parallel Approach Procedure},
  howpublished = {\url{https://www.faa.gov/documentLibrary/media/Notice/N8260_73.pdf}}}

